<?xml version="1.0" encoding="utf-8"?>
<!DOCTYPE KMYMONEY-FILE>
<KMYMONEY-FILE>
 <FILEINFO>
  <CREATION_DATE date="2023-10-14"/>
  <LAST_MODIFIED_DATE date="2024-03-04"/>
  <VERSION id="1"/>
  <FIXVERSION id="5"/>
 </FILEINFO>
 <USER email="" name="John Doe">
  <ADDRESS telephone="" street="" county="" zipcode="" city=""/>
 </USER>
 <INSTITUTIONS count="1">
  <INSTITUTION id="I000001" manager="" sortcode="" name="RaiBa">
   <ADDRESS telephone="" street="" zip="" city=""/>
   <ACCOUNTIDS>
    <ACCOUNTID id="A000004"/>
    <ACCOUNTID id="A000005"/>
    <ACCOUNTID id="A000062"/>
   </ACCOUNTIDS>
   <KEYVALUEPAIRS>
    <PAIR value="" key="bic"/>
    <PAIR value="" key="url"/>
   </KEYVALUEPAIRS>
  </INSTITUTION>
 </INSTITUTIONS>
 <PAYEES count="9">
  <PAYEE id="P000001" email="" reference="" matchingenabled="0" name="Eingang">
   <ADDRESS telephone="" street="" city="" postcode="" state=""/>
  </PAYEE>
  <PAYEE id="P000002" email="" reference="" matchingenabled="0" name="Gehalt">
   <ADDRESS telephone="" street="" city="" postcode="" state=""/>
  </PAYEE>
  <PAYEE id="P000003" email="" reference="" matchingenabled="0" name="Geldautomat">
   <ADDRESS telephone="" street="" city="" postcode="" state=""/>
  </PAYEE>
  <PAYEE id="P000004" email="" reference="" matchingenabled="0" name="Eröffnungssaldo">
   <ADDRESS telephone="" street="" city="" postcode="" state=""/>
  </PAYEE>
  <PAYEE notes="Pezi-Bär von der Urania kennt ihn gut" id="P000005" email="fuerchtegott.schnorzelmoeller@prater.at" reference="" matchingenabled="0" name="Fürchtegott Schnorzelmöller">
   <ADDRESS telephone="+43 - 12 - 277278279" street="Krailbacher Gasse 123 a&#xa;Postfach ABC&#xa;Kennwort Kasperlpost" city="Wien" postcode="1136" state="Österreich"/>
  </PAYEE>
  <PAYEE id="P000006" email="" reference="" matchingenabled="0" name="Unfug &amp; Quatsch">
   <ADDRESS telephone="" street="" city="" postcode="" state=""/>
  </PAYEE>
  <PAYEE id="P000007" email="" reference="" matchingenabled="0" name="Vermietomat GmbH">
   <ADDRESS telephone="" street="" city="" postcode="" state=""/>
  </PAYEE>
  <PAYEE id="P000008" email="" reference="" matchingenabled="0" name="Haushaltsgeld">
   <ADDRESS telephone="" street="" city="" postcode="" state=""/>
  </PAYEE>
  <PAYEE matchignorecase="1" id="P000009" email="" reference="" usingmatchkey="1" matchkey="Kiosk Sesamstrasse" matchingenabled="1" name="Hubers Laden">
   <ADDRESS telephone="" street="" city="" postcode="" state=""/>
  </PAYEE>
 </PAYEES>
 <COSTCENTERS count="0"/>
 <TAGS count="0"/>
 <ACCOUNTS count="76">
  <ACCOUNT type="9" parentaccount="" id="AStd::Asset" institution="" opened="" lastreconciled="" number="" currency="EUR" description="" lastmodified="" name="Asset">
   <SUBACCOUNTS>
    <SUBACCOUNT id="A000002"/>
    <SUBACCOUNT id="A000061"/>
   </SUBACCOUNTS>
  </ACCOUNT>
  <ACCOUNT type="10" parentaccount="" id="AStd::Liability" institution="" opened="" lastreconciled="" number="" currency="EUR" description="" lastmodified="" name="Liability">
   <SUBACCOUNTS>
    <SUBACCOUNT id="A000058"/>
   </SUBACCOUNTS>
  </ACCOUNT>
  <ACCOUNT type="13" parentaccount="" id="AStd::Expense" institution="" opened="" lastreconciled="" number="" currency="EUR" description="" lastmodified="" name="Expense">
   <SUBACCOUNTS>
    <SUBACCOUNT id="A000006"/>
    <SUBACCOUNT id="A000011"/>
    <SUBACCOUNT id="A000012"/>
    <SUBACCOUNT id="A000014"/>
    <SUBACCOUNT id="A000015"/>
    <SUBACCOUNT id="A000016"/>
    <SUBACCOUNT id="A000017"/>
    <SUBACCOUNT id="A000018"/>
    <SUBACCOUNT id="A000019"/>
    <SUBACCOUNT id="A000022"/>
    <SUBACCOUNT id="A000023"/>
    <SUBACCOUNT id="A000030"/>
    <SUBACCOUNT id="A000034"/>
    <SUBACCOUNT id="A000039"/>
    <SUBACCOUNT id="A000042"/>
    <SUBACCOUNT id="A000072"/>
   </SUBACCOUNTS>
  </ACCOUNT>
  <ACCOUNT type="12" parentaccount="" id="AStd::Income" institution="" opened="" lastreconciled="" number="" currency="EUR" description="" lastmodified="" name="Income">
   <SUBACCOUNTS>
    <SUBACCOUNT id="A000049"/>
    <SUBACCOUNT id="A000052"/>
    <SUBACCOUNT id="A000053"/>
    <SUBACCOUNT id="A000068"/>
   </SUBACCOUNTS>
  </ACCOUNT>
  <ACCOUNT type="16" parentaccount="" id="AStd::Equity" institution="" opened="" lastreconciled="" number="" currency="EUR" description="" lastmodified="" name="Equity"/>
  <ACCOUNT type="9" parentaccount="AStd::Asset" id="A000002" institution="" opened="2023-10-14" lastreconciled="" number="" currency="EUR" description="" lastmodified="" name="Barvermögen">
   <SUBACCOUNTS>
    <SUBACCOUNT id="A000003"/>
    <SUBACCOUNT id="A000004"/>
    <SUBACCOUNT id="A000005"/>
   </SUBACCOUNTS>
  </ACCOUNT>
  <ACCOUNT type="3" parentaccount="A000002" id="A000003" institution="" opened="2023-10-14" lastreconciled="" number="" currency="EUR" description="" lastmodified="2023-12-09" name="Bargeld">
   <SUBACCOUNTS>
    <SUBACCOUNT id="A000065"/>
    <SUBACCOUNT id="A000066"/>
   </SUBACCOUNTS>
  </ACCOUNT>
  <ACCOUNT type="1" parentaccount="A000002" id="A000004" institution="I000001" opened="2023-01-01" lastreconciled="" number="" currency="EUR" description="Girokonto 1" lastmodified="2023-12-09" name="Giro RaiBa">
   <KEYVALUEPAIRS>
    <PAIR value="1" key="lastNumberUsed"/>
   </KEYVALUEPAIRS>
  </ACCOUNT>
  <ACCOUNT type="1" parentaccount="A000002" id="A000005" institution="I000001" opened="2023-10-14" lastreconciled="" number="" currency="EUR" description="" lastmodified="" name="Spar RaiBa"/>
  <ACCOUNT type="13" parentaccount="AStd::Expense" id="A000006" institution="" opened="1900-01-01" lastreconciled="" number="" currency="EUR" description="" lastmodified="" name="Bildung">
   <SUBACCOUNTS>
    <SUBACCOUNT id="A000007"/>
    <SUBACCOUNT id="A000008"/>
    <SUBACCOUNT id="A000009"/>
    <SUBACCOUNT id="A000010"/>
   </SUBACCOUNTS>
  </ACCOUNT>
  <ACCOUNT type="13" parentaccount="A000006" id="A000007" institution="" opened="1900-01-01" lastreconciled="" number="" currency="EUR" description="" lastmodified="" name="Abonnements"/>
  <ACCOUNT type="13" parentaccount="A000006" id="A000008" institution="" opened="1900-01-01" lastreconciled="" number="" currency="EUR" description="" lastmodified="" name="Bücher"/>
  <ACCOUNT type="13" parentaccount="A000006" id="A000009" institution="" opened="1900-01-01" lastreconciled="" number="" currency="EUR" description="" lastmodified="" name="Büroartikel"/>
  <ACCOUNT type="13" parentaccount="A000006" id="A000010" institution="" opened="1900-01-01" lastreconciled="" number="" currency="EUR" description="" lastmodified="" name="Zeitungen"/>
  <ACCOUNT type="13" parentaccount="AStd::Expense" id="A000011" institution="" opened="1900-01-01" lastreconciled="" number="" currency="EUR" description="" lastmodified="" name="Computer"/>
  <ACCOUNT type="13" parentaccount="AStd::Expense" id="A000012" institution="" opened="1900-01-01" lastreconciled="" number="" currency="EUR" description="" lastmodified="" name="Fahrtkosten">
   <SUBACCOUNTS>
    <SUBACCOUNT id="A000013"/>
   </SUBACCOUNTS>
  </ACCOUNT>
  <ACCOUNT type="13" parentaccount="A000012" id="A000013" institution="" opened="1900-01-01" lastreconciled="" number="" currency="EUR" description="" lastmodified="" name="Fahrkarten"/>
  <ACCOUNT type="13" parentaccount="AStd::Expense" id="A000014" institution="" opened="1900-01-01" lastreconciled="" number="" currency="EUR" description="" lastmodified="" name="Geschenke"/>
  <ACCOUNT type="13" parentaccount="AStd::Expense" id="A000015" institution="" opened="1900-01-01" lastreconciled="" number="" currency="EUR" description="" lastmodified="" name="Hobbies"/>
  <ACCOUNT type="13" parentaccount="AStd::Expense" id="A000016" institution="" opened="1900-01-01" lastreconciled="" number="" currency="EUR" description="" lastmodified="" name="Kleidung"/>
  <ACCOUNT type="13" parentaccount="AStd::Expense" id="A000017" institution="" opened="1900-01-01" lastreconciled="" number="" currency="EUR" description="" lastmodified="" name="Lebensmittel"/>
  <ACCOUNT type="13" parentaccount="AStd::Expense" id="A000018" institution="" opened="1900-01-01" lastreconciled="" number="" currency="EUR" description="" lastmodified="" name="Medikamente"/>
  <ACCOUNT type="13" parentaccount="AStd::Expense" id="A000019" institution="" opened="1900-01-01" lastreconciled="" number="" currency="EUR" description="" lastmodified="" name="Sonstiges">
   <SUBACCOUNTS>
    <SUBACCOUNT id="A000020"/>
    <SUBACCOUNT id="A000021"/>
   </SUBACCOUNTS>
  </ACCOUNT>
  <ACCOUNT type="13" parentaccount="A000019" id="A000020" institution="" opened="1900-01-01" lastreconciled="" number="" currency="EUR" description="" lastmodified="2023-11-03" name="Bankgebühren"/>
  <ACCOUNT type="13" parentaccount="A000019" id="A000021" institution="" opened="1900-01-01" lastreconciled="" number="" currency="EUR" description="" lastmodified="" name="Sonstiges"/>
  <ACCOUNT type="13" parentaccount="AStd::Expense" id="A000022" institution="" opened="1900-01-01" lastreconciled="" number="" currency="EUR" description="" lastmodified="" name="Spenden"/>
  <ACCOUNT type="13" parentaccount="AStd::Expense" id="A000023" institution="" opened="1900-01-01" lastreconciled="" number="" currency="EUR" description="" lastmodified="" name="Steuern">
   <SUBACCOUNTS>
    <SUBACCOUNT id="A000024"/>
    <SUBACCOUNT id="A000025"/>
    <SUBACCOUNT id="A000026"/>
    <SUBACCOUNT id="A000027"/>
    <SUBACCOUNT id="A000028"/>
    <SUBACCOUNT id="A000029"/>
    <SUBACCOUNT id="A000067"/>
   </SUBACCOUNTS>
  </ACCOUNT>
  <ACCOUNT type="13" parentaccount="A000023" id="A000024" institution="" opened="1900-01-01" lastreconciled="" number="" currency="EUR" description="" lastmodified="" name="Einkommensteuer"/>
  <ACCOUNT type="13" parentaccount="A000023" id="A000025" institution="" opened="1900-01-01" lastreconciled="" number="" currency="EUR" description="" lastmodified="" name="Pflegeversicherung"/>
  <ACCOUNT type="13" parentaccount="A000023" id="A000026" institution="" opened="1900-01-01" lastreconciled="" number="" currency="EUR" description="" lastmodified="" name="Rentenversicherung"/>
  <ACCOUNT type="13" parentaccount="A000023" id="A000027" institution="" opened="1900-01-01" lastreconciled="" number="" currency="EUR" description="" lastmodified="" name="Solidaritätszuschlag"/>
  <ACCOUNT type="13" parentaccount="A000023" id="A000028" institution="" opened="1900-01-01" lastreconciled="" number="" currency="EUR" description="" lastmodified="" name="Sonstige"/>
  <ACCOUNT type="13" parentaccount="A000023" id="A000029" institution="" opened="1900-01-01" lastreconciled="" number="" currency="EUR" description="" lastmodified="" name="Sozialabgaben"/>
  <ACCOUNT type="13" parentaccount="AStd::Expense" id="A000030" institution="" opened="1900-01-01" lastreconciled="" number="" currency="EUR" description="" lastmodified="" name="Telekommunikation">
   <SUBACCOUNTS>
    <SUBACCOUNT id="A000031"/>
    <SUBACCOUNT id="A000032"/>
    <SUBACCOUNT id="A000033"/>
   </SUBACCOUNTS>
  </ACCOUNT>
  <ACCOUNT type="13" parentaccount="A000030" id="A000031" institution="" opened="1900-01-01" lastreconciled="" number="" currency="EUR" description="" lastmodified="" name="Fernsehen"/>
  <ACCOUNT type="13" parentaccount="A000030" id="A000032" institution="" opened="1900-01-01" lastreconciled="" number="" currency="EUR" description="" lastmodified="" name="Online-Dienste"/>
  <ACCOUNT type="13" parentaccount="A000030" id="A000033" institution="" opened="1900-01-01" lastreconciled="" number="" currency="EUR" description="" lastmodified="" name="Telefon"/>
  <ACCOUNT type="13" parentaccount="AStd::Expense" id="A000034" institution="" opened="1900-01-01" lastreconciled="" number="" currency="EUR" description="" lastmodified="" name="Unterhaltung">
   <SUBACCOUNTS>
    <SUBACCOUNT id="A000035"/>
    <SUBACCOUNT id="A000036"/>
    <SUBACCOUNT id="A000037"/>
    <SUBACCOUNT id="A000038"/>
   </SUBACCOUNTS>
  </ACCOUNT>
  <ACCOUNT type="13" parentaccount="A000034" id="A000035" institution="" opened="1900-01-01" lastreconciled="" number="" currency="EUR" description="" lastmodified="" name="Ausgehen"/>
  <ACCOUNT type="13" parentaccount="A000034" id="A000036" institution="" opened="1900-01-01" lastreconciled="" number="" currency="EUR" description="" lastmodified="" name="Musik/Kino"/>
  <ACCOUNT type="13" parentaccount="A000034" id="A000037" institution="" opened="1900-01-01" lastreconciled="" number="" currency="EUR" description="" lastmodified="" name="Reisen"/>
  <ACCOUNT type="13" parentaccount="A000034" id="A000038" institution="" opened="1900-01-01" lastreconciled="" number="" currency="EUR" description="" lastmodified="" name="Sport"/>
  <ACCOUNT type="13" parentaccount="AStd::Expense" id="A000039" institution="" opened="1900-01-01" lastreconciled="" number="" currency="EUR" description="" lastmodified="" name="Versicherungen">
   <SUBACCOUNTS>
    <SUBACCOUNT id="A000040"/>
    <SUBACCOUNT id="A000041"/>
   </SUBACCOUNTS>
  </ACCOUNT>
  <ACCOUNT type="13" parentaccount="A000039" id="A000040" institution="" opened="1900-01-01" lastreconciled="" number="" currency="EUR" description="" lastmodified="" name="Haftpflicht"/>
  <ACCOUNT type="13" parentaccount="A000039" id="A000041" institution="" opened="1900-01-01" lastreconciled="" number="" currency="EUR" description="" lastmodified="" name="Krankenversicherung"/>
  <ACCOUNT type="13" parentaccount="AStd::Expense" id="A000042" institution="" opened="1900-01-01" lastreconciled="" number="" currency="EUR" description="" lastmodified="" name="Wohnen">
   <SUBACCOUNTS>
    <SUBACCOUNT id="A000043"/>
    <SUBACCOUNT id="A000044"/>
   </SUBACCOUNTS>
  </ACCOUNT>
  <ACCOUNT type="13" parentaccount="A000042" id="A000043" institution="" opened="1900-01-01" lastreconciled="" number="" currency="EUR" description="" lastmodified="2023-12-09" name="Miete"/>
  <ACCOUNT type="13" parentaccount="A000042" id="A000044" institution="" opened="1900-01-01" lastreconciled="" number="" currency="EUR" description="" lastmodified="" name="Nebenkosten">
   <SUBACCOUNTS>
    <SUBACCOUNT id="A000045"/>
    <SUBACCOUNT id="A000046"/>
    <SUBACCOUNT id="A000047"/>
    <SUBACCOUNT id="A000048"/>
   </SUBACCOUNTS>
  </ACCOUNT>
  <ACCOUNT type="13" parentaccount="A000044" id="A000045" institution="" opened="1900-01-01" lastreconciled="" number="" currency="EUR" description="" lastmodified="" name="Abfall"/>
  <ACCOUNT type="13" parentaccount="A000044" id="A000046" institution="" opened="1900-01-01" lastreconciled="" number="" currency="EUR" description="" lastmodified="" name="Gas"/>
  <ACCOUNT type="13" parentaccount="A000044" id="A000047" institution="" opened="1900-01-01" lastreconciled="" number="" currency="EUR" description="" lastmodified="" name="Strom"/>
  <ACCOUNT type="13" parentaccount="A000044" id="A000048" institution="" opened="1900-01-01" lastreconciled="" number="" currency="EUR" description="" lastmodified="" name="Wasser"/>
  <ACCOUNT type="12" parentaccount="AStd::Income" id="A000049" institution="" opened="1900-01-01" lastreconciled="" number="" currency="EUR" description="" lastmodified="" name="Gehalt">
   <SUBACCOUNTS>
    <SUBACCOUNT id="A000050"/>
    <SUBACCOUNT id="A000051"/>
   </SUBACCOUNTS>
  </ACCOUNT>
  <ACCOUNT type="12" parentaccount="A000049" id="A000050" institution="" opened="1900-01-01" lastreconciled="" number="" currency="EUR" description="" lastmodified="2023-12-09" name="Gehalt"/>
  <ACCOUNT type="12" parentaccount="A000049" id="A000051" institution="" opened="1900-01-01" lastreconciled="" number="" currency="EUR" description="" lastmodified="2023-12-09" name="Zulagen"/>
  <ACCOUNT type="12" parentaccount="AStd::Income" id="A000052" institution="" opened="1900-01-01" lastreconciled="" number="" currency="EUR" description="" lastmodified="" name="Geschenke"/>
  <ACCOUNT type="12" parentaccount="AStd::Income" id="A000053" institution="" opened="1900-01-01" lastreconciled="" number="" currency="EUR" description="" lastmodified="2023-11-03" name="Sonstiges"/>
  <ACCOUNT type="12" parentaccount="A000068" id="A000054" institution="" opened="1900-01-01" lastreconciled="" number="" currency="EUR" description="" lastmodified="" name="Zinsen">
   <SUBACCOUNTS>
    <SUBACCOUNT id="A000055"/>
    <SUBACCOUNT id="A000056"/>
    <SUBACCOUNT id="A000057"/>
   </SUBACCOUNTS>
  </ACCOUNT>
  <ACCOUNT type="12" parentaccount="A000054" id="A000055" institution="" opened="1900-01-01" lastreconciled="" number="" currency="EUR" description="" lastmodified="" name="Girokonto"/>
  <ACCOUNT type="12" parentaccount="A000054" id="A000056" institution="" opened="1900-01-01" lastreconciled="" number="" currency="EUR" description="" lastmodified="" name="Sonstige"/>
  <ACCOUNT type="12" parentaccount="A000054" id="A000057" institution="" opened="1900-01-01" lastreconciled="" number="" currency="EUR" description="" lastmodified="" name="Sparkonto"/>
  <ACCOUNT type="10" parentaccount="AStd::Liability" id="A000058" institution="" opened="2023-10-14" lastreconciled="" number="" currency="EUR" description="" lastmodified="" name="Barverbindlichkeiten">
   <SUBACCOUNTS>
    <SUBACCOUNT id="A000059"/>
   </SUBACCOUNTS>
  </ACCOUNT>
  <ACCOUNT type="4" parentaccount="A000058" id="A000059" institution="" opened="2023-10-14" lastreconciled="" number="" currency="EUR" description="" lastmodified="" name="Kreditkarte"/>
  <ACCOUNT type="9" parentaccount="AStd::Asset" id="A000061" institution="" opened="2023-01-01" lastreconciled="" number="" currency="EUR" description="" lastmodified="" name="Finanzanlagen">
   <SUBACCOUNTS>
    <SUBACCOUNT id="A000062"/>
   </SUBACCOUNTS>
   <KEYVALUEPAIRS>
    <PAIR value="" key="iban"/>
   </KEYVALUEPAIRS>
  </ACCOUNT>
  <ACCOUNT type="7" parentaccount="A000061" id="A000062" institution="I000001" opened="2023-01-01" lastreconciled="" number="" currency="EUR" description="Aktiendepot 1" lastmodified="" name="Depot RaiBa">
   <SUBACCOUNTS>
    <SUBACCOUNT id="A000063"/>
    <SUBACCOUNT id="A000064"/>
   </SUBACCOUNTS>
   <KEYVALUEPAIRS>
    <PAIR value="DE01 1234 2345 3456 4567 99" key="iban"/>
   </KEYVALUEPAIRS>
  </ACCOUNT>
  <ACCOUNT type="15" parentaccount="A000062" id="A000063" institution="" opened="2023-11-03" lastreconciled="" number="" currency="E000001" description="" lastmodified="2023-11-03" name="DE0007164600 SAP"/>
  <ACCOUNT type="15" parentaccount="A000062" id="A000064" institution="" opened="2023-10-27" lastreconciled="" number="" currency="E000002" description="" lastmodified="2023-11-03" name="DE0007100000 Mercedes-Benz Group AG"/>
  <ACCOUNT type="3" parentaccount="A000003" id="A000065" institution="" opened="2023-01-01" lastreconciled="" number="" currency="EUR" description="" lastmodified="2023-12-09" name="Kasse Bodo">
   <KEYVALUEPAIRS>
    <PAIR value="" key="iban"/>
   </KEYVALUEPAIRS>
  </ACCOUNT>
  <ACCOUNT type="3" parentaccount="A000003" id="A000066" institution="" opened="2023-01-01" lastreconciled="" number="" currency="EUR" description="" lastmodified="2023-12-09" name="Kasse Ada">
   <KEYVALUEPAIRS>
    <PAIR value="" key="iban"/>
   </KEYVALUEPAIRS>
  </ACCOUNT>
  <ACCOUNT type="13" parentaccount="A000023" id="A000067" institution="" opened="1900-01-01" lastreconciled="" number="" currency="EUR" description="" lastmodified="" name="Kapitalertrag"/>
  <ACCOUNT type="12" parentaccount="AStd::Income" id="A000068" institution="" opened="1900-01-01" lastreconciled="" number="" currency="EUR" description="" lastmodified="" name="Kapitalerträge">
   <SUBACCOUNTS>
    <SUBACCOUNT id="A000054"/>
    <SUBACCOUNT id="A000069"/>
   </SUBACCOUNTS>
  </ACCOUNT>
  <ACCOUNT type="12" parentaccount="A000068" id="A000069" institution="" opened="1900-01-01" lastreconciled="" number="" currency="EUR" description="" lastmodified="" name="Dividende">
   <SUBACCOUNTS>
    <SUBACCOUNT id="A000070"/>
    <SUBACCOUNT id="A000071"/>
   </SUBACCOUNTS>
  </ACCOUNT>
  <ACCOUNT type="12" parentaccount="A000069" id="A000070" institution="" opened="1900-01-01" lastreconciled="" number="" currency="EUR" description="" lastmodified="" name="Inland"/>
  <ACCOUNT type="12" parentaccount="A000069" id="A000071" institution="" opened="1900-01-01" lastreconciled="" number="" currency="EUR" description="" lastmodified="" name="Ausland"/>
  <ACCOUNT type="13" parentaccount="AStd::Expense" id="A000072" institution="" opened="1900-01-01" lastreconciled="" number="" currency="EUR" description="" lastmodified="" name="Bank">
   <SUBACCOUNTS>
    <SUBACCOUNT id="A000073"/>
   </SUBACCOUNTS>
  </ACCOUNT>
  <ACCOUNT type="13" parentaccount="A000072" id="A000073" institution="" opened="1900-01-01" lastreconciled="" number="" currency="EUR" description="" lastmodified="" name="Provision"/>
 </ACCOUNTS>
 <TRANSACTIONS count="18">
  <TRANSACTION postdate="2023-01-01" id="T000000000000000001" commodity="EUR" entrydate="2023-11-03" memo="">
   <SPLITS>
    <SPLIT action="" reconciledate="" bankid="" reconcileflag="0" shares="10000/1" payee="P000004" id="S0001" price="1/1" number="" value="10000/1" memo="" account="A000004"/>
    <SPLIT action="" reconciledate="" bankid="" reconcileflag="0" shares="-10000/1" payee="P000004" id="S0002" price="1/1" number="" value="-10000/1" memo="" account="A000053"/>
   </SPLITS>
  </TRANSACTION>
  <TRANSACTION postdate="2023-01-03" id="T000000000000000002" commodity="EUR" entrydate="2023-10-14" memo="">
   <SPLITS>
    <SPLIT action="" reconciledate="" bankid="" reconcileflag="0" shares="1000/1" payee="P000006" id="S0001" price="1/1" number="" value="1000/1" memo="Unfug und Quatsch GmbH Gehalt" account="A000004"/>
    <SPLIT action="" reconciledate="" bankid="" reconcileflag="0" shares="-1000/1" payee="P000006" id="S0002" price="1/1" number="" value="-1000/1" memo="Unfug und Quatsch GmbH Gehalt" account="A000050"/>
   </SPLITS>
  </TRANSACTION>
  <TRANSACTION postdate="2023-01-04" id="T000000000000000003" commodity="EUR" entrydate="2023-12-09" memo="">
   <SPLITS>
    <SPLIT action="" reconciledate="" bankid="" reconcileflag="0" shares="-150/1" payee="P000007" id="S0001" price="1/1" number="" value="-150/1" memo="" account="A000004"/>
    <SPLIT action="" reconciledate="" bankid="" reconcileflag="0" shares="150/1" payee="P000007" id="S0002" price="1/1" number="" value="150/1" memo="" account="A000043"/>
   </SPLITS>
  </TRANSACTION>
  <TRANSACTION postdate="2023-02-03" id="T000000000000000004" commodity="EUR" entrydate="2023-12-09" memo="">
   <SPLITS>
    <SPLIT action="" reconciledate="" bankid="" reconcileflag="0" shares="1000/1" payee="P000006" id="S0001" price="1/1" number="" value="1000/1" memo="" account="A000004"/>
    <SPLIT action="" reconciledate="" bankid="" reconcileflag="0" shares="-1000/1" payee="P000006" id="S0002" price="1/1" number="" value="-1000/1" memo="" account="A000050"/>
   </SPLITS>
  </TRANSACTION>
  <TRANSACTION postdate="2023-02-04" id="T000000000000000005" commodity="EUR" entrydate="2023-12-09" memo="">
   <SPLITS>
    <SPLIT action="" reconciledate="" bankid="" reconcileflag="0" shares="-150/1" payee="P000007" id="S0001" price="1/1" number="" value="-150/1" memo="" account="A000004"/>
    <SPLIT action="" reconciledate="" bankid="" reconcileflag="0" shares="150/1" payee="P000007" id="S0002" price="1/1" number="" value="150/1" memo="" account="A000043"/>
   </SPLITS>
  </TRANSACTION>
  <TRANSACTION postdate="2023-03-03" id="T000000000000000006" commodity="EUR" entrydate="2023-12-09" memo="">
   <SPLITS>
    <SPLIT action="" reconciledate="" bankid="" reconcileflag="0" shares="1000/1" payee="P000006" id="S0001" price="1/1" number="" value="1000/1" memo="" account="A000004"/>
    <SPLIT action="" reconciledate="" bankid="" reconcileflag="0" shares="-1000/1" payee="P000006" id="S0002" price="1/1" number="" value="-1000/1" memo="" account="A000050"/>
   </SPLITS>
  </TRANSACTION>
  <TRANSACTION postdate="2023-03-04" id="T000000000000000007" commodity="EUR" entrydate="2023-12-09" memo="">
   <SPLITS>
    <SPLIT action="" reconciledate="" bankid="" reconcileflag="0" shares="-150/1" payee="P000007" id="S0001" price="1/1" number="" value="-150/1" memo="" account="A000004"/>
    <SPLIT action="" reconciledate="" bankid="" reconcileflag="0" shares="150/1" payee="P000007" id="S0002" price="1/1" number="" value="150/1" memo="" account="A000043"/>
   </SPLITS>
  </TRANSACTION>
  <TRANSACTION postdate="2023-04-03" id="T000000000000000008" commodity="EUR" entrydate="2023-12-09" memo="">
   <SPLITS>
    <SPLIT action="" reconciledate="" bankid="" reconcileflag="0" shares="1000/1" payee="P000006" id="S0001" price="1/1" number="" value="1000/1" memo="" account="A000004"/>
    <SPLIT action="" reconciledate="" bankid="" reconcileflag="0" shares="-1000/1" payee="P000006" id="S0002" price="1/1" number="" value="-1000/1" memo="" account="A000050"/>
   </SPLITS>
  </TRANSACTION>
  <TRANSACTION postdate="2023-04-04" id="T000000000000000009" commodity="EUR" entrydate="2023-12-09" memo="">
   <SPLITS>
    <SPLIT action="" reconciledate="" bankid="" reconcileflag="0" shares="-150/1" payee="P000007" id="S0001" price="1/1" number="" value="-150/1" memo="" account="A000004"/>
    <SPLIT action="" reconciledate="" bankid="" reconcileflag="0" shares="150/1" payee="P000007" id="S0002" price="1/1" number="" value="150/1" memo="" account="A000043"/>
   </SPLITS>
  </TRANSACTION>
  <TRANSACTION postdate="2023-05-03" id="T000000000000000010" commodity="EUR" entrydate="2023-12-09" memo="">
   <SPLITS>
    <SPLIT action="" reconciledate="" bankid="" reconcileflag="0" shares="1000/1" payee="P000006" id="S0001" price="1/1" number="" value="1000/1" memo="" account="A000004"/>
    <SPLIT action="" reconciledate="" bankid="" reconcileflag="0" shares="-1000/1" payee="P000006" id="S0002" price="1/1" number="" value="-1000/1" memo="" account="A000050"/>
   </SPLITS>
  </TRANSACTION>
  <TRANSACTION postdate="2023-05-04" id="T000000000000000011" commodity="EUR" entrydate="2023-12-09" memo="">
   <SPLITS>
    <SPLIT action="" reconciledate="" bankid="" reconcileflag="0" shares="-150/1" payee="P000007" id="S0001" price="1/1" number="" value="-150/1" memo="" account="A000004"/>
    <SPLIT action="" reconciledate="" bankid="" reconcileflag="0" shares="150/1" payee="P000007" id="S0002" price="1/1" number="" value="150/1" memo="" account="A000043"/>
   </SPLITS>
  </TRANSACTION>
  <TRANSACTION postdate="2023-06-03" id="T000000000000000012" commodity="EUR" entrydate="2023-12-09" memo="">
   <SPLITS>
    <SPLIT action="" reconciledate="" bankid="" reconcileflag="0" shares="1000/1" payee="P000006" id="S0001" price="1/1" number="" value="1000/1" memo="" account="A000004"/>
    <SPLIT action="" reconciledate="" bankid="" reconcileflag="0" shares="-1000/1" payee="P000006" id="S0002" price="1/1" number="" value="-1000/1" memo="" account="A000050"/>
   </SPLITS>
  </TRANSACTION>
  <TRANSACTION postdate="2023-06-03" id="T000000000000000013" commodity="EUR" entrydate="2023-12-09" memo="">
   <SPLITS>
    <SPLIT action="" reconciledate="" bankid="" reconcileflag="0" shares="500/1" payee="P000006" id="S0001" price="1/1" number="" value="500/1" memo="Prämie" account="A000004"/>
    <SPLIT action="" reconciledate="" bankid="" reconcileflag="0" shares="-500/1" payee="P000006" id="S0002" price="1/1" number="" value="-500/1" memo="Prämie" account="A000051"/>
   </SPLITS>
  </TRANSACTION>
  <TRANSACTION postdate="2023-06-04" id="T000000000000000014" commodity="EUR" entrydate="2023-12-09" memo="">
   <SPLITS>
    <SPLIT action="" reconciledate="" bankid="" reconcileflag="0" shares="-150/1" payee="P000007" id="S0001" price="1/1" number="" value="-150/1" memo="" account="A000004"/>
    <SPLIT action="" reconciledate="" bankid="" reconcileflag="0" shares="150/1" payee="P000007" id="S0002" price="1/1" number="" value="150/1" memo="" account="A000043"/>
   </SPLITS>
  </TRANSACTION>
  <TRANSACTION postdate="2023-10-14" id="T000000000000000015" commodity="EUR" entrydate="2023-10-14" memo="">
   <SPLITS>
    <SPLIT action="" reconciledate="" bankid="" reconcileflag="0" shares="-150/1" payee="P000003" id="S0001" price="1/1" number="" value="-150/1" memo="Bargeldauszahlung" account="A000004"/>
    <SPLIT action="" reconciledate="" bankid="" reconcileflag="0" shares="150/1" payee="P000003" id="S0002" price="1/1" number="" value="150/1" memo="Bargeldauszahlung" account="A000065"/>
   </SPLITS>
  </TRANSACTION>
  <TRANSACTION postdate="2023-10-14" id="T000000000000000016" commodity="EUR" entrydate="2023-12-09" memo="">
   <SPLITS>
    <SPLIT action="" reconciledate="" bankid="" reconcileflag="0" shares="-95/1" payee="P000008" id="S0001" price="1/1" number="" value="-95/1" memo="" account="A000065"/>
    <SPLIT action="" reconciledate="" bankid="" reconcileflag="0" shares="95/1" payee="P000008" id="S0002" price="1/1" number="" value="95/1" memo="" account="A000066"/>
   </SPLITS>
  </TRANSACTION>
  <TRANSACTION postdate="2023-10-27" id="T000000000000000017" commodity="EUR" entrydate="2023-11-03" memo="">
   <SPLITS>
    <SPLIT action="" reconciledate="" bankid="" reconcileflag="0" shares="-3931/2" payee="" id="S0001" price="1/1" number="" value="-3931/2" memo="" account="A000004"/>
    <SPLIT action="" reconciledate="" bankid="" reconcileflag="0" shares="21/2" payee="" id="S0002" price="1/1" number="" value="21/2" memo="" account="A000020"/>
    <SPLIT action="Buy" reconciledate="" bankid="" reconcileflag="0" shares="17/1" payee="" id="S0003" price="115/1" number="" value="1955/1" memo="" account="A000064"/>
   </SPLITS>
  </TRANSACTION>
  <TRANSACTION postdate="2023-11-03" id="T000000000000000018" commodity="EUR" entrydate="2023-11-03" memo="">
   <SPLITS>
    <SPLIT action="" reconciledate="" bankid="" reconcileflag="0" shares="-1810/1" payee="" id="S0001" price="1/1" number="" value="-1810/1" memo="" account="A000004"/>
    <SPLIT action="" reconciledate="" bankid="" reconcileflag="0" shares="10/1" payee="" id="S0002" price="1/1" number="" value="10/1" memo="" account="A000020"/>
    <SPLIT action="Buy" reconciledate="" bankid="" reconcileflag="0" shares="15/1" payee="" id="S0003" price="120/1" number="" value="1800/1" memo="" account="A000063"/>
   </SPLITS>
  </TRANSACTION>
 </TRANSACTIONS>
 <KEYVALUEPAIRS>
  <PAIR value="EUR" key="kmm-baseCurrency"/>
  <PAIR value="{1f7ec5d2-f982-48eb-9ae3-22095e2362ee}" key="kmm-id"/>
 </KEYVALUEPAIRS>
 <SCHEDULES count="0"/>
 <SECURITIES count="2">
  <SECURITY type="0" pp="2" id="E000001" rounding-method="7" saf="100" trading-currency="EUR" symbol="SAP" trading-market="XETRA" name="SAP AG">
   <KEYVALUEPAIRS>
    <PAIR value="Finanztreff" key="kmm-online-source"/>
    <PAIR value="DE0007164600" key="kmm-security-id"/>
   </KEYVALUEPAIRS>
  </SECURITY>
  <SECURITY type="0" pp="2" id="E000002" rounding-method="7" saf="100" trading-currency="EUR" symbol="MBG" trading-market="XETRA" name="Mercedes-Benz Group AG">
   <KEYVALUEPAIRS>
    <PAIR value="DE0007100000" key="kmm-security-id"/>
   </KEYVALUEPAIRS>
  </SECURITY>
 </SECURITIES>
 <CURRENCIES count="2">
  <CURRENCY type="3" pp="4" scf="100" id="EUR" rounding-method="7" saf="100" symbol="€" name="Euro"/>
  <CURRENCY type="3" pp="4" scf="100" id="USD" rounding-method="7" saf="100" symbol="$" name="US Dollar"/>
 </CURRENCIES>
 <PRICES count="3">
  <PRICEPAIR from="E000001" to="EUR">
   <PRICE date="2023-11-03" price="120/1" source="Transaction"/>
   <PRICE date="2023-11-07" price="239/2" source="User"/>
  </PRICEPAIR>
  <PRICEPAIR from="E000002" to="EUR">
   <PRICE date="2023-10-27" price="115/1" source="Transaction"/>
   <PRICE date="2023-11-01" price="233/2" source="User"/>
  </PRICEPAIR>
  <PRICEPAIR from="USD" to="EUR">
   <PRICE date="2023-12-04" price="23/25" source="User"/>
  </PRICEPAIR>
 </PRICES>
 <REPORTS count="0"/>
 <BUDGETS count="0"/>
 <ONLINEJOBS count="0"/>
</KMYMONEY-FILE>
