<?xml version="1.0" encoding="utf-8"?>
<!DOCTYPE KMYMONEY-FILE>
<KMYMONEY-FILE>
 <FILEINFO>
  <CREATION_DATE date="2023-10-14"/>
  <LAST_MODIFIED_DATE date="2025-04-12"/>
  <VERSION id="1"/>
  <FIXVERSION id="5"/>
 </FILEINFO>
 <USER name="John Doe" email="">
  <ADDRESS county="" street="" city="" zipcode="" telephone=""/>
 </USER>
 <INSTITUTIONS count="2">
  <INSTITUTION id="I000001" name="RaiBa" manager="" sortcode="">
   <ADDRESS street="" zip="" city="" telephone=""/>
   <ACCOUNTIDS>
    <ACCOUNTID id="A000004"/>
    <ACCOUNTID id="A000005"/>
    <ACCOUNTID id="A000062"/>
   </ACCOUNTIDS>
   <KEYVALUEPAIRS>
    <PAIR key="bic" value=""/>
    <PAIR key="url" value=""/>
   </KEYVALUEPAIRS>
  </INSTITUTION>
  <INSTITUTION id="I000002" name="My Gibberish Bank" manager="" sortcode="666">
   <ADDRESS street="Gibby St" zip="E23Q452" city="Gibbon City" telephone="+1 - 44 - 1234"/>
   <ACCOUNTIDS/>
   <KEYVALUEPAIRS>
    <PAIR key="bic" value="TMBQBHDGXXX"/>
    <PAIR key="url" value="gibberish.com"/>
   </KEYVALUEPAIRS>
  </INSTITUTION>
 </INSTITUTIONS>
 <PAYEES count="9">
  <PAYEE reference="" id="P000001" name="Eingang" matchingenabled="0" email="">
   <ADDRESS street="" state="" city="" postcode="" telephone=""/>
  </PAYEE>
  <PAYEE reference="" id="P000002" name="Gehalt" matchingenabled="0" email="">
   <ADDRESS street="" state="" city="" postcode="" telephone=""/>
  </PAYEE>
  <PAYEE reference="" id="P000003" name="Geldautomat" matchingenabled="0" email="">
   <ADDRESS street="" state="" city="" postcode="" telephone=""/>
  </PAYEE>
  <PAYEE reference="" id="P000004" name="Eröffnungssaldo" matchingenabled="0" email="">
   <ADDRESS street="" state="" city="" postcode="" telephone=""/>
  </PAYEE>
  <PAYEE reference="" notes="Pezi-Bär von der Urania kennt ihn gut" id="P000005" name="Fürchtegott Schnorzelmöller" matchingenabled="0" email="fuerchtegott.schnorzelmoeller@prater.at">
   <ADDRESS street="Krailbacher Gasse 123 a&#xa;Postfach ABC&#xa;Kennwort Kasperlpost" state="Österreich" city="Wien" postcode="1136" telephone="+43 - 12 - 277278279"/>
  </PAYEE>
  <PAYEE reference="" id="P000006" name="Unfug &amp; Quatsch" matchingenabled="0" email="">
   <ADDRESS street="" state="" city="" postcode="" telephone=""/>
  </PAYEE>
  <PAYEE reference="" id="P000007" name="Vermietomat GmbH" matchingenabled="0" email="">
   <ADDRESS street="" state="" city="" postcode="" telephone=""/>
  </PAYEE>
  <PAYEE reference="" id="P000008" name="Haushaltsgeld" matchingenabled="0" email="">
   <ADDRESS street="" state="" city="" postcode="" telephone=""/>
  </PAYEE>
  <PAYEE reference="" id="P000009" name="Hubers Laden" matchingenabled="1" email="" usingmatchkey="1" matchkey="Kiosk Sesamstrasse" matchignorecase="1">
   <ADDRESS street="" state="" city="" postcode="" telephone=""/>
  </PAYEE>
 </PAYEES>
 <COSTCENTERS count="0"/>
 <TAGS count="2">
  <TAG notes="Never without my Frou-Frou" id="G000001" name="froufrou" closed="0" tagcolor="#ff0000"/>
  <TAG notes="All the world of Fri-Fri" id="G000002" name="frifri" closed="0" tagcolor="#00aa00"/>
 </TAGS>
 <ACCOUNTS count="77">
  <ACCOUNT lastreconciled="" opened="" id="AStd::Asset" description="" name="Anlagen" parentaccount="" type="9" currency="EUR" institution="" lastmodified="" number="">
   <SUBACCOUNTS>
    <SUBACCOUNT id="A000002"/>
    <SUBACCOUNT id="A000061"/>
   </SUBACCOUNTS>
  </ACCOUNT>
  <ACCOUNT lastreconciled="" opened="" id="AStd::Liability" description="" name="Verbindlichkeiten" parentaccount="" type="10" currency="EUR" institution="" lastmodified="" number="">
   <SUBACCOUNTS>
    <SUBACCOUNT id="A000058"/>
   </SUBACCOUNTS>
  </ACCOUNT>
  <ACCOUNT lastreconciled="" opened="" id="AStd::Expense" description="" name="Ausgabe" parentaccount="" type="13" currency="EUR" institution="" lastmodified="" number="">
   <SUBACCOUNTS>
    <SUBACCOUNT id="A000006"/>
    <SUBACCOUNT id="A000011"/>
    <SUBACCOUNT id="A000012"/>
    <SUBACCOUNT id="A000014"/>
    <SUBACCOUNT id="A000015"/>
    <SUBACCOUNT id="A000016"/>
    <SUBACCOUNT id="A000017"/>
    <SUBACCOUNT id="A000018"/>
    <SUBACCOUNT id="A000019"/>
    <SUBACCOUNT id="A000022"/>
    <SUBACCOUNT id="A000023"/>
    <SUBACCOUNT id="A000030"/>
    <SUBACCOUNT id="A000034"/>
    <SUBACCOUNT id="A000039"/>
    <SUBACCOUNT id="A000042"/>
    <SUBACCOUNT id="A000072"/>
   </SUBACCOUNTS>
  </ACCOUNT>
  <ACCOUNT lastreconciled="" opened="" id="AStd::Income" description="" name="Einnahme" parentaccount="" type="12" currency="EUR" institution="" lastmodified="" number="">
   <SUBACCOUNTS>
    <SUBACCOUNT id="A000049"/>
    <SUBACCOUNT id="A000052"/>
    <SUBACCOUNT id="A000053"/>
    <SUBACCOUNT id="A000068"/>
   </SUBACCOUNTS>
  </ACCOUNT>
  <ACCOUNT lastreconciled="" opened="" id="AStd::Equity" description="" name="Eigenkapital" parentaccount="" type="16" currency="EUR" institution="" lastmodified="" number=""/>
  <ACCOUNT lastreconciled="" opened="2023-10-14" id="A000002" description="" name="Barvermögen" parentaccount="AStd::Asset" type="9" currency="EUR" institution="" lastmodified="" number="">
   <SUBACCOUNTS>
    <SUBACCOUNT id="A000003"/>
    <SUBACCOUNT id="A000004"/>
    <SUBACCOUNT id="A000005"/>
   </SUBACCOUNTS>
  </ACCOUNT>
  <ACCOUNT lastreconciled="" opened="2023-10-14" id="A000003" description="" name="Bargeld" parentaccount="A000002" type="3" currency="EUR" institution="" lastmodified="2023-12-09" number="">
   <SUBACCOUNTS>
    <SUBACCOUNT id="A000065"/>
    <SUBACCOUNT id="A000066"/>
   </SUBACCOUNTS>
  </ACCOUNT>
  <ACCOUNT lastreconciled="" opened="2023-01-01" id="A000004" description="Girokonto 1" name="Giro RaiBa" parentaccount="A000002" type="1" currency="EUR" institution="I000001" lastmodified="2025-03-01" number="">
   <KEYVALUEPAIRS>
    <PAIR key="lastNumberUsed" value="1"/>
   </KEYVALUEPAIRS>
  </ACCOUNT>
  <ACCOUNT lastreconciled="" opened="2023-10-14" id="A000005" description="" name="Spar RaiBa" parentaccount="A000002" type="1" currency="EUR" institution="I000001" lastmodified="" number=""/>
  <ACCOUNT lastreconciled="" opened="1900-01-01" id="A000006" description="" name="Bildung" parentaccount="AStd::Expense" type="13" currency="EUR" institution="" lastmodified="" number="">
   <SUBACCOUNTS>
    <SUBACCOUNT id="A000007"/>
    <SUBACCOUNT id="A000008"/>
    <SUBACCOUNT id="A000009"/>
    <SUBACCOUNT id="A000010"/>
   </SUBACCOUNTS>
  </ACCOUNT>
  <ACCOUNT lastreconciled="" opened="1900-01-01" id="A000007" description="" name="Abonnements" parentaccount="A000006" type="13" currency="EUR" institution="" lastmodified="" number=""/>
  <ACCOUNT lastreconciled="" opened="1900-01-01" id="A000008" description="" name="Bücher" parentaccount="A000006" type="13" currency="EUR" institution="" lastmodified="" number=""/>
  <ACCOUNT lastreconciled="" opened="1900-01-01" id="A000009" description="" name="Büroartikel" parentaccount="A000006" type="13" currency="EUR" institution="" lastmodified="" number=""/>
  <ACCOUNT lastreconciled="" opened="1900-01-01" id="A000010" description="" name="Zeitungen" parentaccount="A000006" type="13" currency="EUR" institution="" lastmodified="" number=""/>
  <ACCOUNT lastreconciled="" opened="1900-01-01" id="A000011" description="" name="Computer" parentaccount="AStd::Expense" type="13" currency="EUR" institution="" lastmodified="" number=""/>
  <ACCOUNT lastreconciled="" opened="1900-01-01" id="A000012" description="" name="Fahrtkosten" parentaccount="AStd::Expense" type="13" currency="EUR" institution="" lastmodified="" number="">
   <SUBACCOUNTS>
    <SUBACCOUNT id="A000013"/>
   </SUBACCOUNTS>
  </ACCOUNT>
  <ACCOUNT lastreconciled="" opened="1900-01-01" id="A000013" description="" name="Fahrkarten" parentaccount="A000012" type="13" currency="EUR" institution="" lastmodified="" number=""/>
  <ACCOUNT lastreconciled="" opened="1900-01-01" id="A000014" description="" name="Geschenke" parentaccount="AStd::Expense" type="13" currency="EUR" institution="" lastmodified="" number=""/>
  <ACCOUNT lastreconciled="" opened="1900-01-01" id="A000015" description="" name="Hobbies" parentaccount="AStd::Expense" type="13" currency="EUR" institution="" lastmodified="" number=""/>
  <ACCOUNT lastreconciled="" opened="1900-01-01" id="A000016" description="" name="Kleidung" parentaccount="AStd::Expense" type="13" currency="EUR" institution="" lastmodified="" number=""/>
  <ACCOUNT lastreconciled="" opened="1900-01-01" id="A000017" description="" name="Lebensmittel" parentaccount="AStd::Expense" type="13" currency="EUR" institution="" lastmodified="" number=""/>
  <ACCOUNT lastreconciled="" opened="1900-01-01" id="A000018" description="" name="Medikamente" parentaccount="AStd::Expense" type="13" currency="EUR" institution="" lastmodified="" number=""/>
  <ACCOUNT lastreconciled="" opened="1900-01-01" id="A000019" description="" name="Sonstiges" parentaccount="AStd::Expense" type="13" currency="EUR" institution="" lastmodified="" number="">
   <SUBACCOUNTS>
    <SUBACCOUNT id="A000020"/>
    <SUBACCOUNT id="A000021"/>
   </SUBACCOUNTS>
  </ACCOUNT>
  <ACCOUNT lastreconciled="" opened="1900-01-01" id="A000020" description="" name="Bankgebühren" parentaccount="A000019" type="13" currency="EUR" institution="" lastmodified="2023-11-03" number=""/>
  <ACCOUNT lastreconciled="" opened="1900-01-01" id="A000021" description="" name="Sonstiges" parentaccount="A000019" type="13" currency="EUR" institution="" lastmodified="" number=""/>
  <ACCOUNT lastreconciled="" opened="1900-01-01" id="A000022" description="" name="Spenden" parentaccount="AStd::Expense" type="13" currency="EUR" institution="" lastmodified="" number=""/>
  <ACCOUNT lastreconciled="" opened="1900-01-01" id="A000023" description="" name="Steuern" parentaccount="AStd::Expense" type="13" currency="EUR" institution="" lastmodified="" number="">
   <SUBACCOUNTS>
    <SUBACCOUNT id="A000024"/>
    <SUBACCOUNT id="A000025"/>
    <SUBACCOUNT id="A000026"/>
    <SUBACCOUNT id="A000027"/>
    <SUBACCOUNT id="A000028"/>
    <SUBACCOUNT id="A000029"/>
    <SUBACCOUNT id="A000067"/>
   </SUBACCOUNTS>
  </ACCOUNT>
  <ACCOUNT lastreconciled="" opened="1900-01-01" id="A000024" description="" name="Einkommensteuer" parentaccount="A000023" type="13" currency="EUR" institution="" lastmodified="" number=""/>
  <ACCOUNT lastreconciled="" opened="1900-01-01" id="A000025" description="" name="Pflegeversicherung" parentaccount="A000023" type="13" currency="EUR" institution="" lastmodified="" number=""/>
  <ACCOUNT lastreconciled="" opened="1900-01-01" id="A000026" description="" name="Rentenversicherung" parentaccount="A000023" type="13" currency="EUR" institution="" lastmodified="" number=""/>
  <ACCOUNT lastreconciled="" opened="1900-01-01" id="A000027" description="" name="Solidaritätszuschlag" parentaccount="A000023" type="13" currency="EUR" institution="" lastmodified="" number=""/>
  <ACCOUNT lastreconciled="" opened="1900-01-01" id="A000028" description="" name="Sonstige" parentaccount="A000023" type="13" currency="EUR" institution="" lastmodified="" number=""/>
  <ACCOUNT lastreconciled="" opened="1900-01-01" id="A000029" description="" name="Sozialabgaben" parentaccount="A000023" type="13" currency="EUR" institution="" lastmodified="" number=""/>
  <ACCOUNT lastreconciled="" opened="1900-01-01" id="A000030" description="" name="Telekommunikation" parentaccount="AStd::Expense" type="13" currency="EUR" institution="" lastmodified="" number="">
   <SUBACCOUNTS>
    <SUBACCOUNT id="A000031"/>
    <SUBACCOUNT id="A000032"/>
    <SUBACCOUNT id="A000033"/>
   </SUBACCOUNTS>
  </ACCOUNT>
  <ACCOUNT lastreconciled="" opened="1900-01-01" id="A000031" description="" name="Fernsehen" parentaccount="A000030" type="13" currency="EUR" institution="" lastmodified="" number=""/>
  <ACCOUNT lastreconciled="" opened="1900-01-01" id="A000032" description="" name="Online-Dienste" parentaccount="A000030" type="13" currency="EUR" institution="" lastmodified="" number=""/>
  <ACCOUNT lastreconciled="" opened="1900-01-01" id="A000033" description="" name="Telefon" parentaccount="A000030" type="13" currency="EUR" institution="" lastmodified="" number=""/>
  <ACCOUNT lastreconciled="" opened="1900-01-01" id="A000034" description="" name="Unterhaltung" parentaccount="AStd::Expense" type="13" currency="EUR" institution="" lastmodified="" number="">
   <SUBACCOUNTS>
    <SUBACCOUNT id="A000035"/>
    <SUBACCOUNT id="A000036"/>
    <SUBACCOUNT id="A000037"/>
    <SUBACCOUNT id="A000038"/>
   </SUBACCOUNTS>
  </ACCOUNT>
  <ACCOUNT lastreconciled="" opened="1900-01-01" id="A000035" description="" name="Ausgehen" parentaccount="A000034" type="13" currency="EUR" institution="" lastmodified="" number=""/>
  <ACCOUNT lastreconciled="" opened="1900-01-01" id="A000036" description="" name="Musik/Kino" parentaccount="A000034" type="13" currency="EUR" institution="" lastmodified="" number=""/>
  <ACCOUNT lastreconciled="" opened="1900-01-01" id="A000037" description="" name="Reisen" parentaccount="A000034" type="13" currency="EUR" institution="" lastmodified="" number=""/>
  <ACCOUNT lastreconciled="" opened="1900-01-01" id="A000038" description="" name="Sport" parentaccount="A000034" type="13" currency="EUR" institution="" lastmodified="" number=""/>
  <ACCOUNT lastreconciled="" opened="1900-01-01" id="A000039" description="" name="Versicherungen" parentaccount="AStd::Expense" type="13" currency="EUR" institution="" lastmodified="" number="">
   <SUBACCOUNTS>
    <SUBACCOUNT id="A000040"/>
    <SUBACCOUNT id="A000041"/>
   </SUBACCOUNTS>
  </ACCOUNT>
  <ACCOUNT lastreconciled="" opened="1900-01-01" id="A000040" description="" name="Haftpflicht" parentaccount="A000039" type="13" currency="EUR" institution="" lastmodified="" number=""/>
  <ACCOUNT lastreconciled="" opened="1900-01-01" id="A000041" description="" name="Krankenversicherung" parentaccount="A000039" type="13" currency="EUR" institution="" lastmodified="" number=""/>
  <ACCOUNT lastreconciled="" opened="1900-01-01" id="A000042" description="" name="Wohnen" parentaccount="AStd::Expense" type="13" currency="EUR" institution="" lastmodified="" number="">
   <SUBACCOUNTS>
    <SUBACCOUNT id="A000043"/>
    <SUBACCOUNT id="A000044"/>
   </SUBACCOUNTS>
  </ACCOUNT>
  <ACCOUNT lastreconciled="" opened="1900-01-01" id="A000043" description="" name="Miete" parentaccount="A000042" type="13" currency="EUR" institution="" lastmodified="2025-03-01" number=""/>
  <ACCOUNT lastreconciled="" opened="1900-01-01" id="A000044" description="" name="Nebenkosten" parentaccount="A000042" type="13" currency="EUR" institution="" lastmodified="" number="">
   <SUBACCOUNTS>
    <SUBACCOUNT id="A000045"/>
    <SUBACCOUNT id="A000046"/>
    <SUBACCOUNT id="A000047"/>
    <SUBACCOUNT id="A000048"/>
   </SUBACCOUNTS>
  </ACCOUNT>
  <ACCOUNT lastreconciled="" opened="1900-01-01" id="A000045" description="" name="Abfall" parentaccount="A000044" type="13" currency="EUR" institution="" lastmodified="" number=""/>
  <ACCOUNT lastreconciled="" opened="1900-01-01" id="A000046" description="" name="Gas" parentaccount="A000044" type="13" currency="EUR" institution="" lastmodified="" number=""/>
  <ACCOUNT lastreconciled="" opened="1900-01-01" id="A000047" description="" name="Strom" parentaccount="A000044" type="13" currency="EUR" institution="" lastmodified="" number=""/>
  <ACCOUNT lastreconciled="" opened="1900-01-01" id="A000048" description="" name="Wasser" parentaccount="A000044" type="13" currency="EUR" institution="" lastmodified="" number=""/>
  <ACCOUNT lastreconciled="" opened="1900-01-01" id="A000049" description="" name="Gehalt" parentaccount="AStd::Income" type="12" currency="EUR" institution="" lastmodified="" number="">
   <SUBACCOUNTS>
    <SUBACCOUNT id="A000050"/>
    <SUBACCOUNT id="A000051"/>
   </SUBACCOUNTS>
  </ACCOUNT>
  <ACCOUNT lastreconciled="" opened="1900-01-01" id="A000050" description="" name="Gehalt" parentaccount="A000049" type="12" currency="EUR" institution="" lastmodified="2025-03-01" number=""/>
  <ACCOUNT lastreconciled="" opened="1900-01-01" id="A000051" description="" name="Zulagen" parentaccount="A000049" type="12" currency="EUR" institution="" lastmodified="2023-12-09" number=""/>
  <ACCOUNT lastreconciled="" opened="1900-01-01" id="A000052" description="" name="Geschenke" parentaccount="AStd::Income" type="12" currency="EUR" institution="" lastmodified="" number=""/>
  <ACCOUNT lastreconciled="" opened="1900-01-01" id="A000053" description="" name="Sonstiges" parentaccount="AStd::Income" type="12" currency="EUR" institution="" lastmodified="2023-11-03" number=""/>
  <ACCOUNT lastreconciled="" opened="1900-01-01" id="A000054" description="" name="Zinsen" parentaccount="A000068" type="12" currency="EUR" institution="" lastmodified="" number="">
   <SUBACCOUNTS>
    <SUBACCOUNT id="A000055"/>
    <SUBACCOUNT id="A000056"/>
    <SUBACCOUNT id="A000057"/>
   </SUBACCOUNTS>
  </ACCOUNT>
  <ACCOUNT lastreconciled="" opened="1900-01-01" id="A000055" description="" name="Girokonto" parentaccount="A000054" type="12" currency="EUR" institution="" lastmodified="" number=""/>
  <ACCOUNT lastreconciled="" opened="1900-01-01" id="A000056" description="" name="Sonstige" parentaccount="A000054" type="12" currency="EUR" institution="" lastmodified="" number=""/>
  <ACCOUNT lastreconciled="" opened="1900-01-01" id="A000057" description="" name="Sparkonto" parentaccount="A000054" type="12" currency="EUR" institution="" lastmodified="" number=""/>
  <ACCOUNT lastreconciled="" opened="2023-10-14" id="A000058" description="" name="Barverbindlichkeiten" parentaccount="AStd::Liability" type="10" currency="EUR" institution="" lastmodified="" number="">
   <SUBACCOUNTS>
    <SUBACCOUNT id="A000059"/>
   </SUBACCOUNTS>
  </ACCOUNT>
  <ACCOUNT lastreconciled="" opened="2023-10-14" id="A000059" description="" name="Kreditkarte" parentaccount="A000058" type="4" currency="EUR" institution="" lastmodified="" number=""/>
  <ACCOUNT lastreconciled="" opened="2023-01-01" id="A000061" description="" name="Finanzanlagen" parentaccount="AStd::Asset" type="9" currency="EUR" institution="" lastmodified="" number="">
   <SUBACCOUNTS>
    <SUBACCOUNT id="A000062"/>
   </SUBACCOUNTS>
   <KEYVALUEPAIRS>
    <PAIR key="iban" value=""/>
   </KEYVALUEPAIRS>
  </ACCOUNT>
  <ACCOUNT lastreconciled="" opened="2023-01-01" id="A000062" description="Aktiendepot 1" name="Depot RaiBa" parentaccount="A000061" type="7" currency="EUR" institution="I000001" lastmodified="" number="">
   <SUBACCOUNTS>
    <SUBACCOUNT id="A000063"/>
    <SUBACCOUNT id="A000064"/>
    <SUBACCOUNT id="A000074"/>
   </SUBACCOUNTS>
   <KEYVALUEPAIRS>
    <PAIR key="iban" value="DE01 1234 2345 3456 4567 99"/>
   </KEYVALUEPAIRS>
  </ACCOUNT>
  <ACCOUNT lastreconciled="" opened="2023-11-03" id="A000063" description="" name="DE0007164600 SAP" parentaccount="A000062" type="15" currency="E000001" institution="" lastmodified="2023-11-03" number=""/>
  <ACCOUNT lastreconciled="" opened="2023-10-27" id="A000064" description="" name="DE0007100000 Mercedes-Benz Group AG" parentaccount="A000062" type="15" currency="E000002" institution="" lastmodified="2024-06-01" number=""/>
  <ACCOUNT lastreconciled="" opened="2023-01-01" id="A000065" description="" name="Kasse Bodo" parentaccount="A000003" type="3" currency="EUR" institution="" lastmodified="2023-12-09" number="">
   <KEYVALUEPAIRS>
    <PAIR key="iban" value=""/>
   </KEYVALUEPAIRS>
  </ACCOUNT>
  <ACCOUNT lastreconciled="" opened="2023-01-01" id="A000066" description="" name="Kasse Ada" parentaccount="A000003" type="3" currency="EUR" institution="" lastmodified="2023-12-09" number="">
   <KEYVALUEPAIRS>
    <PAIR key="iban" value=""/>
   </KEYVALUEPAIRS>
  </ACCOUNT>
  <ACCOUNT lastreconciled="" opened="1900-01-01" id="A000067" description="" name="Kapitalertrag" parentaccount="A000023" type="13" currency="EUR" institution="" lastmodified="" number=""/>
  <ACCOUNT lastreconciled="" opened="1900-01-01" id="A000068" description="" name="Kapitalerträge" parentaccount="AStd::Income" type="12" currency="EUR" institution="" lastmodified="" number="">
   <SUBACCOUNTS>
    <SUBACCOUNT id="A000054"/>
    <SUBACCOUNT id="A000069"/>
   </SUBACCOUNTS>
  </ACCOUNT>
  <ACCOUNT lastreconciled="" opened="1900-01-01" id="A000069" description="" name="Dividende" parentaccount="A000068" type="12" currency="EUR" institution="" lastmodified="" number="">
   <SUBACCOUNTS>
    <SUBACCOUNT id="A000070"/>
    <SUBACCOUNT id="A000071"/>
   </SUBACCOUNTS>
  </ACCOUNT>
  <ACCOUNT lastreconciled="" opened="1900-01-01" id="A000070" description="" name="Inland" parentaccount="A000069" type="12" currency="EUR" institution="" lastmodified="" number=""/>
  <ACCOUNT lastreconciled="" opened="1900-01-01" id="A000071" description="" name="Ausland" parentaccount="A000069" type="12" currency="EUR" institution="" lastmodified="" number=""/>
  <ACCOUNT lastreconciled="" opened="1900-01-01" id="A000072" description="" name="Bank" parentaccount="AStd::Expense" type="13" currency="EUR" institution="" lastmodified="" number="">
   <SUBACCOUNTS>
    <SUBACCOUNT id="A000073"/>
   </SUBACCOUNTS>
  </ACCOUNT>
  <ACCOUNT lastreconciled="" opened="1900-01-01" id="A000073" description="" name="Provision" parentaccount="A000072" type="13" currency="EUR" institution="" lastmodified="" number=""/>
  <ACCOUNT lastreconciled="" opened="2025-04-12" id="A000074" description="" name="DE000BASF111 BASF SE" parentaccount="A000062" type="15" currency="E000003" institution="" lastmodified="" number=""/>
 </ACCOUNTS>
 <TRANSACTIONS count="19">
  <TRANSACTION id="T000000000000000001" entrydate="2023-11-03" commodity="EUR" postdate="2023-01-01" memo="">
   <SPLITS>
    <SPLIT reconciledate="" price="1/1" id="S0001" bankid="" value="10000/1" payee="P000004" action="" shares="10000/1" account="A000004" reconcileflag="0" memo="" number=""/>
    <SPLIT reconciledate="" price="1/1" id="S0002" bankid="" value="-10000/1" payee="P000004" action="" shares="-10000/1" account="A000053" reconcileflag="0" memo="" number=""/>
   </SPLITS>
  </TRANSACTION>
  <TRANSACTION id="T000000000000000002" entrydate="2023-10-14" commodity="EUR" postdate="2023-01-03" memo="">
   <SPLITS>
    <SPLIT reconciledate="" price="1/1" id="S0001" bankid="" value="1000/1" payee="P000006" action="" shares="1000/1" account="A000004" reconcileflag="0" memo="Unfug und Quatsch GmbH Gehalt" number="">
     <TAG id="G000002"/>
    </SPLIT>
    <SPLIT reconciledate="" price="1/1" id="S0002" bankid="" value="-1000/1" payee="P000006" action="" shares="-1000/1" account="A000050" reconcileflag="0" memo="Unfug und Quatsch GmbH Gehalt" number=""/>
   </SPLITS>
  </TRANSACTION>
  <TRANSACTION id="T000000000000000003" entrydate="2023-12-09" commodity="EUR" postdate="2023-01-04" memo="">
   <SPLITS>
    <SPLIT reconciledate="" price="1/1" id="S0001" bankid="" value="-150/1" payee="P000007" action="" shares="-150/1" account="A000004" reconcileflag="0" memo="" number="">
     <TAG id="G000001"/>
     <TAG id="G000002"/>
    </SPLIT>
    <SPLIT reconciledate="" price="1/1" id="S0002" bankid="" value="150/1" payee="P000007" action="" shares="150/1" account="A000043" reconcileflag="0" memo="" number=""/>
   </SPLITS>
  </TRANSACTION>
  <TRANSACTION id="T000000000000000004" entrydate="2023-12-09" commodity="EUR" postdate="2023-02-03" memo="">
   <SPLITS>
    <SPLIT reconciledate="" price="1/1" id="S0001" bankid="" value="1000/1" payee="P000006" action="" shares="1000/1" account="A000004" reconcileflag="0" memo="" number="">
     <TAG id="G000001"/>
    </SPLIT>
    <SPLIT reconciledate="" price="1/1" id="S0002" bankid="" value="-1000/1" payee="P000006" action="" shares="-1000/1" account="A000050" reconcileflag="0" memo="" number=""/>
   </SPLITS>
  </TRANSACTION>
  <TRANSACTION id="T000000000000000005" entrydate="2023-12-09" commodity="EUR" postdate="2023-02-04" memo="">
   <SPLITS>
    <SPLIT reconciledate="" price="1/1" id="S0001" bankid="" value="-150/1" payee="P000007" action="" shares="-150/1" account="A000004" reconcileflag="0" memo="" number=""/>
    <SPLIT reconciledate="" price="1/1" id="S0002" bankid="" value="150/1" payee="P000007" action="" shares="150/1" account="A000043" reconcileflag="0" memo="" number=""/>
   </SPLITS>
  </TRANSACTION>
  <TRANSACTION id="T000000000000000006" entrydate="2023-12-09" commodity="EUR" postdate="2023-03-03" memo="">
   <SPLITS>
    <SPLIT reconciledate="" price="1/1" id="S0001" bankid="" value="1000/1" payee="P000006" action="" shares="1000/1" account="A000004" reconcileflag="0" memo="" number=""/>
    <SPLIT reconciledate="" price="1/1" id="S0002" bankid="" value="-1000/1" payee="P000006" action="" shares="-1000/1" account="A000050" reconcileflag="0" memo="" number=""/>
   </SPLITS>
  </TRANSACTION>
  <TRANSACTION id="T000000000000000007" entrydate="2023-12-09" commodity="EUR" postdate="2023-03-04" memo="">
   <SPLITS>
    <SPLIT reconciledate="" price="1/1" id="S0001" bankid="" value="-150/1" payee="P000007" action="" shares="-150/1" account="A000004" reconcileflag="0" memo="" number=""/>
    <SPLIT reconciledate="" price="1/1" id="S0002" bankid="" value="150/1" payee="P000007" action="" shares="150/1" account="A000043" reconcileflag="0" memo="" number=""/>
   </SPLITS>
  </TRANSACTION>
  <TRANSACTION id="T000000000000000008" entrydate="2023-12-09" commodity="EUR" postdate="2023-04-03" memo="">
   <SPLITS>
    <SPLIT reconciledate="" price="1/1" id="S0001" bankid="" value="1000/1" payee="P000006" action="" shares="1000/1" account="A000004" reconcileflag="0" memo="" number=""/>
    <SPLIT reconciledate="" price="1/1" id="S0002" bankid="" value="-1000/1" payee="P000006" action="" shares="-1000/1" account="A000050" reconcileflag="0" memo="" number=""/>
   </SPLITS>
  </TRANSACTION>
  <TRANSACTION id="T000000000000000009" entrydate="2023-12-09" commodity="EUR" postdate="2023-04-04" memo="">
   <SPLITS>
    <SPLIT reconciledate="" price="1/1" id="S0001" bankid="" value="-150/1" payee="P000007" action="" shares="-150/1" account="A000004" reconcileflag="0" memo="" number=""/>
    <SPLIT reconciledate="" price="1/1" id="S0002" bankid="" value="150/1" payee="P000007" action="" shares="150/1" account="A000043" reconcileflag="0" memo="" number=""/>
   </SPLITS>
  </TRANSACTION>
  <TRANSACTION id="T000000000000000010" entrydate="2023-12-09" commodity="EUR" postdate="2023-05-03" memo="">
   <SPLITS>
    <SPLIT reconciledate="" price="1/1" id="S0001" bankid="" value="1000/1" payee="P000006" action="" shares="1000/1" account="A000004" reconcileflag="0" memo="" number=""/>
    <SPLIT reconciledate="" price="1/1" id="S0002" bankid="" value="-1000/1" payee="P000006" action="" shares="-1000/1" account="A000050" reconcileflag="0" memo="" number=""/>
   </SPLITS>
  </TRANSACTION>
  <TRANSACTION id="T000000000000000011" entrydate="2023-12-09" commodity="EUR" postdate="2023-05-04" memo="">
   <SPLITS>
    <SPLIT reconciledate="" price="1/1" id="S0001" bankid="" value="-150/1" payee="P000007" action="" shares="-150/1" account="A000004" reconcileflag="0" memo="" number=""/>
    <SPLIT reconciledate="" price="1/1" id="S0002" bankid="" value="150/1" payee="P000007" action="" shares="150/1" account="A000043" reconcileflag="0" memo="" number=""/>
   </SPLITS>
  </TRANSACTION>
  <TRANSACTION id="T000000000000000012" entrydate="2023-12-09" commodity="EUR" postdate="2023-06-03" memo="">
   <SPLITS>
    <SPLIT reconciledate="" price="1/1" id="S0001" bankid="" value="1000/1" payee="P000006" action="" shares="1000/1" account="A000004" reconcileflag="0" memo="" number=""/>
    <SPLIT reconciledate="" price="1/1" id="S0002" bankid="" value="-1000/1" payee="P000006" action="" shares="-1000/1" account="A000050" reconcileflag="0" memo="" number=""/>
   </SPLITS>
  </TRANSACTION>
  <TRANSACTION id="T000000000000000013" entrydate="2023-12-09" commodity="EUR" postdate="2023-06-03" memo="">
   <SPLITS>
    <SPLIT reconciledate="" price="1/1" id="S0001" bankid="" value="500/1" payee="P000006" action="" shares="500/1" account="A000004" reconcileflag="0" memo="Prämie" number=""/>
    <SPLIT reconciledate="" price="1/1" id="S0002" bankid="" value="-500/1" payee="P000006" action="" shares="-500/1" account="A000051" reconcileflag="0" memo="Prämie" number=""/>
   </SPLITS>
  </TRANSACTION>
  <TRANSACTION id="T000000000000000014" entrydate="2023-12-09" commodity="EUR" postdate="2023-06-04" memo="">
   <SPLITS>
    <SPLIT reconciledate="" price="1/1" id="S0001" bankid="" value="-150/1" payee="P000007" action="" shares="-150/1" account="A000004" reconcileflag="0" memo="" number=""/>
    <SPLIT reconciledate="" price="1/1" id="S0002" bankid="" value="150/1" payee="P000007" action="" shares="150/1" account="A000043" reconcileflag="0" memo="" number=""/>
   </SPLITS>
  </TRANSACTION>
  <TRANSACTION id="T000000000000000015" entrydate="2023-10-14" commodity="EUR" postdate="2023-10-14" memo="">
   <SPLITS>
    <SPLIT reconciledate="" price="1/1" id="S0001" bankid="" value="-150/1" payee="P000003" action="" shares="-150/1" account="A000004" reconcileflag="0" memo="Bargeldauszahlung" number=""/>
    <SPLIT reconciledate="" price="1/1" id="S0002" bankid="" value="150/1" payee="P000003" action="" shares="150/1" account="A000065" reconcileflag="0" memo="Bargeldauszahlung" number=""/>
   </SPLITS>
  </TRANSACTION>
  <TRANSACTION id="T000000000000000016" entrydate="2023-12-09" commodity="EUR" postdate="2023-10-14" memo="">
   <SPLITS>
    <SPLIT reconciledate="" price="1/1" id="S0001" bankid="" value="-95/1" payee="P000008" action="" shares="-95/1" account="A000065" reconcileflag="0" memo="" number=""/>
    <SPLIT reconciledate="" price="1/1" id="S0002" bankid="" value="95/1" payee="P000008" action="" shares="95/1" account="A000066" reconcileflag="0" memo="" number=""/>
   </SPLITS>
  </TRANSACTION>
  <TRANSACTION id="T000000000000000017" entrydate="2023-11-03" commodity="EUR" postdate="2023-10-27" memo="">
   <SPLITS>
    <SPLIT reconciledate="" price="1/1" id="S0001" bankid="" value="-3931/2" payee="" action="" shares="-3931/2" account="A000004" reconcileflag="0" memo="" number=""/>
    <SPLIT reconciledate="" price="1/1" id="S0002" bankid="" value="21/2" payee="" action="" shares="21/2" account="A000020" reconcileflag="0" memo="" number=""/>
    <SPLIT reconciledate="" price="115/1" id="S0003" bankid="" value="1955/1" payee="" action="Buy" shares="17/1" account="A000064" reconcileflag="0" memo="" number=""/>
   </SPLITS>
  </TRANSACTION>
  <TRANSACTION id="T000000000000000018" entrydate="2023-11-03" commodity="EUR" postdate="2023-11-03" memo="">
   <SPLITS>
    <SPLIT reconciledate="" price="1/1" id="S0001" bankid="" value="-1810/1" payee="" action="" shares="-1810/1" account="A000004" reconcileflag="0" memo="" number=""/>
    <SPLIT reconciledate="" price="1/1" id="S0002" bankid="" value="10/1" payee="" action="" shares="10/1" account="A000020" reconcileflag="0" memo="" number=""/>
    <SPLIT reconciledate="" price="120/1" id="S0003" bankid="" value="1800/1" payee="" action="Buy" shares="15/1" account="A000063" reconcileflag="0" memo="" number=""/>
   </SPLITS>
  </TRANSACTION>
  <TRANSACTION id="T000000000000000019" entrydate="2024-06-01" commodity="EUR" postdate="2024-06-01" memo="">
   <SPLITS>
    <SPLIT reconciledate="" price="1/1" id="S0001" bankid="" value="0/1" payee="" action="Split" shares="2/1" account="A000064" reconcileflag="0" memo="" number=""/>
   </SPLITS>
  </TRANSACTION>
 </TRANSACTIONS>
 <KEYVALUEPAIRS>
  <PAIR key="kmm-baseCurrency" value="EUR"/>
  <PAIR key="kmm-id" value="{1f7ec5d2-f982-48eb-9ae3-22095e2362ee}"/>
 </KEYVALUEPAIRS>
 <SCHEDULES count="0"/>
 <SECURITIES count="4">
  <SECURITY symbol="SAP" pp="2" id="E000001" trading-currency="EUR" trading-market="XETRA" name="SAP AG" type="0" saf="100" rounding-method="7">
   <KEYVALUEPAIRS>
    <PAIR key="kmm-online-source" value="Finanztreff"/>
    <PAIR key="kmm-security-id" value="DE0007164600"/>
   </KEYVALUEPAIRS>
  </SECURITY>
  <SECURITY symbol="MBG" pp="2" id="E000002" trading-currency="EUR" trading-market="XETRA" name="Mercedes-Benz Group AG" type="0" saf="100" rounding-method="7">
   <KEYVALUEPAIRS>
    <PAIR key="kmm-security-id" value="DE0007100000"/>
   </KEYVALUEPAIRS>
  </SECURITY>
  <SECURITY symbol="BAS" pp="2" id="E000003" trading-currency="EUR" trading-market="XETRA" name="BASF SE" type="0" saf="100" rounding-method="7">
   <KEYVALUEPAIRS>
    <PAIR key="kmm-security-id" value="DE000BASF111"/>
   </KEYVALUEPAIRS>
  </SECURITY>
  <SECURITY symbol="KO" pp="2" id="E000004" trading-currency="EUR" trading-market="XETRA" name="The Coca Cola Co." type="0" saf="100" rounding-method="7">
   <KEYVALUEPAIRS>
    <PAIR key="kmm-online-source" value="Finanztreff"/>
    <PAIR key="kmm-security-id" value="US1912161007"/>
   </KEYVALUEPAIRS>
  </SECURITY>
 </SECURITIES>
 <CURRENCIES count="2">
  <CURRENCY symbol="€" pp="4" id="EUR" name="Euro" type="3" saf="100" scf="100" rounding-method="7"/>
  <CURRENCY symbol="$" pp="4" id="USD" name="US-Dollar" type="3" saf="100" scf="100" rounding-method="7"/>
 </CURRENCIES>
 <PRICES count="4">
  <PRICEPAIR from="E000001" to="EUR">
   <PRICE price="5139/100" source="Benutzer" date="2012-03-05"/>
   <PRICE price="120/1" source="Transaction" date="2023-11-03"/>
   <PRICE price="239/2" source="User" date="2023-11-07"/>
  </PRICEPAIR>
  <PRICEPAIR from="E000002" to="EUR">
   <PRICE price="115/1" source="Transaction" date="2023-10-27"/>
   <PRICE price="233/2" source="User" date="2023-11-01"/>
   <PRICE price="233/4" source="User" date="2024-06-01"/>
  </PRICEPAIR>
  <PRICEPAIR from="E000003" to="EUR">
   <PRICE price="8651/200" source="Benutzer" date="2023-03-06"/>
   <PRICE price="45/1" source="Benutzer" date="2023-04-01"/>
   <PRICE price="451/10" source="Benutzer" date="2023-05-01"/>
   <PRICE price="226/5" source="Benutzer" date="2023-06-01"/>
   <PRICE price="453/10" source="Benutzer" date="2023-07-01"/>
   <PRICE price="459/10" source="Benutzer" date="2023-08-01"/>
   <PRICE price="46/1" source="Benutzer" date="2023-09-01"/>
   <PRICE price="461/10" source="Benutzer" date="2023-10-01"/>
   <PRICE price="231/5" source="Benutzer" date="2023-11-01"/>
   <PRICE price="463/10" source="Benutzer" date="2023-12-01"/>
  </PRICEPAIR>
  <PRICEPAIR from="USD" to="EUR">
   <PRICE price="91/100" source="Benutzer" date="2023-11-01"/>
   <PRICE price="23/25" source="Benutzer" date="2023-12-01"/>
   <PRICE price="23/25" source="User" date="2023-12-04"/>
   <PRICE price="93/100" source="Benutzer" date="2024-01-01"/>
  </PRICEPAIR>
 </PRICES>
 <REPORTS count="0"/>
 <BUDGETS count="0"/>
 <ONLINEJOBS count="0"/>
</KMYMONEY-FILE>
