<?xml version="1.0" encoding="utf-8"?>
<!DOCTYPE KMYMONEY-FILE>
<KMYMONEY-FILE>
 <FILEINFO>
  <CREATION_DATE date="2023-10-14"/>
  <LAST_MODIFIED_DATE date="2024-04-24"/>
  <VERSION id="1"/>
  <FIXVERSION id="5"/>
 </FILEINFO>
 <USER name="John Doe" email="">
  <ADDRESS city="" county="" telephone="" street="" zipcode=""/>
 </USER>
 <INSTITUTIONS count="2">
  <INSTITUTION manager="" name="RaiBa" sortcode="" id="I000001">
   <ADDRESS city="" zip="" telephone="" street=""/>
   <ACCOUNTIDS>
    <ACCOUNTID id="A000004"/>
    <ACCOUNTID id="A000005"/>
    <ACCOUNTID id="A000062"/>
   </ACCOUNTIDS>
   <KEYVALUEPAIRS>
    <PAIR key="bic" value=""/>
    <PAIR key="url" value=""/>
   </KEYVALUEPAIRS>
  </INSTITUTION>
  <INSTITUTION manager="" name="My Gibberish Bank" sortcode="666" id="I000002">
   <ADDRESS city="Gibbon City" zip="E23Q452" telephone="+1 - 44 - 1234" street="Gibby St"/>
   <ACCOUNTIDS/>
   <KEYVALUEPAIRS>
    <PAIR key="bic" value="TMBQBHDGXXX"/>
    <PAIR key="url" value="gibberish.com"/>
   </KEYVALUEPAIRS>
  </INSTITUTION>
 </INSTITUTIONS>
 <PAYEES count="9">
  <PAYEE matchingenabled="0" name="Eingang" reference="" email="" id="P000001">
   <ADDRESS city="" telephone="" postcode="" state="" street=""/>
  </PAYEE>
  <PAYEE matchingenabled="0" name="Gehalt" reference="" email="" id="P000002">
   <ADDRESS city="" telephone="" postcode="" state="" street=""/>
  </PAYEE>
  <PAYEE matchingenabled="0" name="Geldautomat" reference="" email="" id="P000003">
   <ADDRESS city="" telephone="" postcode="" state="" street=""/>
  </PAYEE>
  <PAYEE matchingenabled="0" name="Eröffnungssaldo" reference="" email="" id="P000004">
   <ADDRESS city="" telephone="" postcode="" state="" street=""/>
  </PAYEE>
  <PAYEE matchingenabled="0" notes="Pezi-Bär von der Urania kennt ihn gut" name="Fürchtegott Schnorzelmöller" reference="" email="fuerchtegott.schnorzelmoeller@prater.at" id="P000005">
   <ADDRESS city="Wien" telephone="+43 - 12 - 277278279" postcode="1136" state="Österreich" street="Krailbacher Gasse 123 a&#xa;Postfach ABC&#xa;Kennwort Kasperlpost"/>
  </PAYEE>
  <PAYEE matchingenabled="0" name="Unfug &amp; Quatsch" reference="" email="" id="P000006">
   <ADDRESS city="" telephone="" postcode="" state="" street=""/>
  </PAYEE>
  <PAYEE matchingenabled="0" name="Vermietomat GmbH" reference="" email="" id="P000007">
   <ADDRESS city="" telephone="" postcode="" state="" street=""/>
  </PAYEE>
  <PAYEE matchingenabled="0" name="Haushaltsgeld" reference="" email="" id="P000008">
   <ADDRESS city="" telephone="" postcode="" state="" street=""/>
  </PAYEE>
  <PAYEE matchingenabled="1" matchignorecase="1" name="Hubers Laden" matchkey="Kiosk Sesamstrasse" reference="" usingmatchkey="1" email="" id="P000009">
   <ADDRESS city="" telephone="" postcode="" state="" street=""/>
  </PAYEE>
 </PAYEES>
 <COSTCENTERS count="0"/>
 <TAGS count="0"/>
 <ACCOUNTS count="76">
  <ACCOUNT number="" currency="EUR" parentaccount="" description="" type="9" institution="" lastmodified="" name="Asset" id="AStd::Asset" lastreconciled="" opened="">
   <SUBACCOUNTS>
    <SUBACCOUNT id="A000002"/>
    <SUBACCOUNT id="A000061"/>
   </SUBACCOUNTS>
  </ACCOUNT>
  <ACCOUNT number="" currency="EUR" parentaccount="" description="" type="10" institution="" lastmodified="" name="Liability" id="AStd::Liability" lastreconciled="" opened="">
   <SUBACCOUNTS>
    <SUBACCOUNT id="A000058"/>
   </SUBACCOUNTS>
  </ACCOUNT>
  <ACCOUNT number="" currency="EUR" parentaccount="" description="" type="13" institution="" lastmodified="" name="Expense" id="AStd::Expense" lastreconciled="" opened="">
   <SUBACCOUNTS>
    <SUBACCOUNT id="A000006"/>
    <SUBACCOUNT id="A000011"/>
    <SUBACCOUNT id="A000012"/>
    <SUBACCOUNT id="A000014"/>
    <SUBACCOUNT id="A000015"/>
    <SUBACCOUNT id="A000016"/>
    <SUBACCOUNT id="A000017"/>
    <SUBACCOUNT id="A000018"/>
    <SUBACCOUNT id="A000019"/>
    <SUBACCOUNT id="A000022"/>
    <SUBACCOUNT id="A000023"/>
    <SUBACCOUNT id="A000030"/>
    <SUBACCOUNT id="A000034"/>
    <SUBACCOUNT id="A000039"/>
    <SUBACCOUNT id="A000042"/>
    <SUBACCOUNT id="A000072"/>
   </SUBACCOUNTS>
  </ACCOUNT>
  <ACCOUNT number="" currency="EUR" parentaccount="" description="" type="12" institution="" lastmodified="" name="Income" id="AStd::Income" lastreconciled="" opened="">
   <SUBACCOUNTS>
    <SUBACCOUNT id="A000049"/>
    <SUBACCOUNT id="A000052"/>
    <SUBACCOUNT id="A000053"/>
    <SUBACCOUNT id="A000068"/>
   </SUBACCOUNTS>
  </ACCOUNT>
  <ACCOUNT number="" currency="EUR" parentaccount="" description="" type="16" institution="" lastmodified="" name="Equity" id="AStd::Equity" lastreconciled="" opened=""/>
  <ACCOUNT number="" currency="EUR" parentaccount="AStd::Asset" description="" type="9" institution="" lastmodified="" name="Barvermögen" id="A000002" lastreconciled="" opened="2023-10-14">
   <SUBACCOUNTS>
    <SUBACCOUNT id="A000003"/>
    <SUBACCOUNT id="A000004"/>
    <SUBACCOUNT id="A000005"/>
   </SUBACCOUNTS>
  </ACCOUNT>
  <ACCOUNT number="" currency="EUR" parentaccount="A000002" description="" type="3" institution="" lastmodified="2023-12-09" name="Bargeld" id="A000003" lastreconciled="" opened="2023-10-14">
   <SUBACCOUNTS>
    <SUBACCOUNT id="A000065"/>
    <SUBACCOUNT id="A000066"/>
   </SUBACCOUNTS>
  </ACCOUNT>
  <ACCOUNT number="" currency="EUR" parentaccount="A000002" description="Girokonto 1" type="1" institution="I000001" lastmodified="2023-12-09" name="Giro RaiBa" id="A000004" lastreconciled="" opened="2023-01-01">
   <KEYVALUEPAIRS>
    <PAIR key="lastNumberUsed" value="1"/>
   </KEYVALUEPAIRS>
  </ACCOUNT>
  <ACCOUNT number="" currency="EUR" parentaccount="A000002" description="" type="1" institution="I000001" lastmodified="" name="Spar RaiBa" id="A000005" lastreconciled="" opened="2023-10-14"/>
  <ACCOUNT number="" currency="EUR" parentaccount="AStd::Expense" description="" type="13" institution="" lastmodified="" name="Bildung" id="A000006" lastreconciled="" opened="1900-01-01">
   <SUBACCOUNTS>
    <SUBACCOUNT id="A000007"/>
    <SUBACCOUNT id="A000008"/>
    <SUBACCOUNT id="A000009"/>
    <SUBACCOUNT id="A000010"/>
   </SUBACCOUNTS>
  </ACCOUNT>
  <ACCOUNT number="" currency="EUR" parentaccount="A000006" description="" type="13" institution="" lastmodified="" name="Abonnements" id="A000007" lastreconciled="" opened="1900-01-01"/>
  <ACCOUNT number="" currency="EUR" parentaccount="A000006" description="" type="13" institution="" lastmodified="" name="Bücher" id="A000008" lastreconciled="" opened="1900-01-01"/>
  <ACCOUNT number="" currency="EUR" parentaccount="A000006" description="" type="13" institution="" lastmodified="" name="Büroartikel" id="A000009" lastreconciled="" opened="1900-01-01"/>
  <ACCOUNT number="" currency="EUR" parentaccount="A000006" description="" type="13" institution="" lastmodified="" name="Zeitungen" id="A000010" lastreconciled="" opened="1900-01-01"/>
  <ACCOUNT number="" currency="EUR" parentaccount="AStd::Expense" description="" type="13" institution="" lastmodified="" name="Computer" id="A000011" lastreconciled="" opened="1900-01-01"/>
  <ACCOUNT number="" currency="EUR" parentaccount="AStd::Expense" description="" type="13" institution="" lastmodified="" name="Fahrtkosten" id="A000012" lastreconciled="" opened="1900-01-01">
   <SUBACCOUNTS>
    <SUBACCOUNT id="A000013"/>
   </SUBACCOUNTS>
  </ACCOUNT>
  <ACCOUNT number="" currency="EUR" parentaccount="A000012" description="" type="13" institution="" lastmodified="" name="Fahrkarten" id="A000013" lastreconciled="" opened="1900-01-01"/>
  <ACCOUNT number="" currency="EUR" parentaccount="AStd::Expense" description="" type="13" institution="" lastmodified="" name="Geschenke" id="A000014" lastreconciled="" opened="1900-01-01"/>
  <ACCOUNT number="" currency="EUR" parentaccount="AStd::Expense" description="" type="13" institution="" lastmodified="" name="Hobbies" id="A000015" lastreconciled="" opened="1900-01-01"/>
  <ACCOUNT number="" currency="EUR" parentaccount="AStd::Expense" description="" type="13" institution="" lastmodified="" name="Kleidung" id="A000016" lastreconciled="" opened="1900-01-01"/>
  <ACCOUNT number="" currency="EUR" parentaccount="AStd::Expense" description="" type="13" institution="" lastmodified="" name="Lebensmittel" id="A000017" lastreconciled="" opened="1900-01-01"/>
  <ACCOUNT number="" currency="EUR" parentaccount="AStd::Expense" description="" type="13" institution="" lastmodified="" name="Medikamente" id="A000018" lastreconciled="" opened="1900-01-01"/>
  <ACCOUNT number="" currency="EUR" parentaccount="AStd::Expense" description="" type="13" institution="" lastmodified="" name="Sonstiges" id="A000019" lastreconciled="" opened="1900-01-01">
   <SUBACCOUNTS>
    <SUBACCOUNT id="A000020"/>
    <SUBACCOUNT id="A000021"/>
   </SUBACCOUNTS>
  </ACCOUNT>
  <ACCOUNT number="" currency="EUR" parentaccount="A000019" description="" type="13" institution="" lastmodified="2023-11-03" name="Bankgebühren" id="A000020" lastreconciled="" opened="1900-01-01"/>
  <ACCOUNT number="" currency="EUR" parentaccount="A000019" description="" type="13" institution="" lastmodified="" name="Sonstiges" id="A000021" lastreconciled="" opened="1900-01-01"/>
  <ACCOUNT number="" currency="EUR" parentaccount="AStd::Expense" description="" type="13" institution="" lastmodified="" name="Spenden" id="A000022" lastreconciled="" opened="1900-01-01"/>
  <ACCOUNT number="" currency="EUR" parentaccount="AStd::Expense" description="" type="13" institution="" lastmodified="" name="Steuern" id="A000023" lastreconciled="" opened="1900-01-01">
   <SUBACCOUNTS>
    <SUBACCOUNT id="A000024"/>
    <SUBACCOUNT id="A000025"/>
    <SUBACCOUNT id="A000026"/>
    <SUBACCOUNT id="A000027"/>
    <SUBACCOUNT id="A000028"/>
    <SUBACCOUNT id="A000029"/>
    <SUBACCOUNT id="A000067"/>
   </SUBACCOUNTS>
  </ACCOUNT>
  <ACCOUNT number="" currency="EUR" parentaccount="A000023" description="" type="13" institution="" lastmodified="" name="Einkommensteuer" id="A000024" lastreconciled="" opened="1900-01-01"/>
  <ACCOUNT number="" currency="EUR" parentaccount="A000023" description="" type="13" institution="" lastmodified="" name="Pflegeversicherung" id="A000025" lastreconciled="" opened="1900-01-01"/>
  <ACCOUNT number="" currency="EUR" parentaccount="A000023" description="" type="13" institution="" lastmodified="" name="Rentenversicherung" id="A000026" lastreconciled="" opened="1900-01-01"/>
  <ACCOUNT number="" currency="EUR" parentaccount="A000023" description="" type="13" institution="" lastmodified="" name="Solidaritätszuschlag" id="A000027" lastreconciled="" opened="1900-01-01"/>
  <ACCOUNT number="" currency="EUR" parentaccount="A000023" description="" type="13" institution="" lastmodified="" name="Sonstige" id="A000028" lastreconciled="" opened="1900-01-01"/>
  <ACCOUNT number="" currency="EUR" parentaccount="A000023" description="" type="13" institution="" lastmodified="" name="Sozialabgaben" id="A000029" lastreconciled="" opened="1900-01-01"/>
  <ACCOUNT number="" currency="EUR" parentaccount="AStd::Expense" description="" type="13" institution="" lastmodified="" name="Telekommunikation" id="A000030" lastreconciled="" opened="1900-01-01">
   <SUBACCOUNTS>
    <SUBACCOUNT id="A000031"/>
    <SUBACCOUNT id="A000032"/>
    <SUBACCOUNT id="A000033"/>
   </SUBACCOUNTS>
  </ACCOUNT>
  <ACCOUNT number="" currency="EUR" parentaccount="A000030" description="" type="13" institution="" lastmodified="" name="Fernsehen" id="A000031" lastreconciled="" opened="1900-01-01"/>
  <ACCOUNT number="" currency="EUR" parentaccount="A000030" description="" type="13" institution="" lastmodified="" name="Online-Dienste" id="A000032" lastreconciled="" opened="1900-01-01"/>
  <ACCOUNT number="" currency="EUR" parentaccount="A000030" description="" type="13" institution="" lastmodified="" name="Telefon" id="A000033" lastreconciled="" opened="1900-01-01"/>
  <ACCOUNT number="" currency="EUR" parentaccount="AStd::Expense" description="" type="13" institution="" lastmodified="" name="Unterhaltung" id="A000034" lastreconciled="" opened="1900-01-01">
   <SUBACCOUNTS>
    <SUBACCOUNT id="A000035"/>
    <SUBACCOUNT id="A000036"/>
    <SUBACCOUNT id="A000037"/>
    <SUBACCOUNT id="A000038"/>
   </SUBACCOUNTS>
  </ACCOUNT>
  <ACCOUNT number="" currency="EUR" parentaccount="A000034" description="" type="13" institution="" lastmodified="" name="Ausgehen" id="A000035" lastreconciled="" opened="1900-01-01"/>
  <ACCOUNT number="" currency="EUR" parentaccount="A000034" description="" type="13" institution="" lastmodified="" name="Musik/Kino" id="A000036" lastreconciled="" opened="1900-01-01"/>
  <ACCOUNT number="" currency="EUR" parentaccount="A000034" description="" type="13" institution="" lastmodified="" name="Reisen" id="A000037" lastreconciled="" opened="1900-01-01"/>
  <ACCOUNT number="" currency="EUR" parentaccount="A000034" description="" type="13" institution="" lastmodified="" name="Sport" id="A000038" lastreconciled="" opened="1900-01-01"/>
  <ACCOUNT number="" currency="EUR" parentaccount="AStd::Expense" description="" type="13" institution="" lastmodified="" name="Versicherungen" id="A000039" lastreconciled="" opened="1900-01-01">
   <SUBACCOUNTS>
    <SUBACCOUNT id="A000040"/>
    <SUBACCOUNT id="A000041"/>
   </SUBACCOUNTS>
  </ACCOUNT>
  <ACCOUNT number="" currency="EUR" parentaccount="A000039" description="" type="13" institution="" lastmodified="" name="Haftpflicht" id="A000040" lastreconciled="" opened="1900-01-01"/>
  <ACCOUNT number="" currency="EUR" parentaccount="A000039" description="" type="13" institution="" lastmodified="" name="Krankenversicherung" id="A000041" lastreconciled="" opened="1900-01-01"/>
  <ACCOUNT number="" currency="EUR" parentaccount="AStd::Expense" description="" type="13" institution="" lastmodified="" name="Wohnen" id="A000042" lastreconciled="" opened="1900-01-01">
   <SUBACCOUNTS>
    <SUBACCOUNT id="A000043"/>
    <SUBACCOUNT id="A000044"/>
   </SUBACCOUNTS>
  </ACCOUNT>
  <ACCOUNT number="" currency="EUR" parentaccount="A000042" description="" type="13" institution="" lastmodified="2023-12-09" name="Miete" id="A000043" lastreconciled="" opened="1900-01-01"/>
  <ACCOUNT number="" currency="EUR" parentaccount="A000042" description="" type="13" institution="" lastmodified="" name="Nebenkosten" id="A000044" lastreconciled="" opened="1900-01-01">
   <SUBACCOUNTS>
    <SUBACCOUNT id="A000045"/>
    <SUBACCOUNT id="A000046"/>
    <SUBACCOUNT id="A000047"/>
    <SUBACCOUNT id="A000048"/>
   </SUBACCOUNTS>
  </ACCOUNT>
  <ACCOUNT number="" currency="EUR" parentaccount="A000044" description="" type="13" institution="" lastmodified="" name="Abfall" id="A000045" lastreconciled="" opened="1900-01-01"/>
  <ACCOUNT number="" currency="EUR" parentaccount="A000044" description="" type="13" institution="" lastmodified="" name="Gas" id="A000046" lastreconciled="" opened="1900-01-01"/>
  <ACCOUNT number="" currency="EUR" parentaccount="A000044" description="" type="13" institution="" lastmodified="" name="Strom" id="A000047" lastreconciled="" opened="1900-01-01"/>
  <ACCOUNT number="" currency="EUR" parentaccount="A000044" description="" type="13" institution="" lastmodified="" name="Wasser" id="A000048" lastreconciled="" opened="1900-01-01"/>
  <ACCOUNT number="" currency="EUR" parentaccount="AStd::Income" description="" type="12" institution="" lastmodified="" name="Gehalt" id="A000049" lastreconciled="" opened="1900-01-01">
   <SUBACCOUNTS>
    <SUBACCOUNT id="A000050"/>
    <SUBACCOUNT id="A000051"/>
   </SUBACCOUNTS>
  </ACCOUNT>
  <ACCOUNT number="" currency="EUR" parentaccount="A000049" description="" type="12" institution="" lastmodified="2023-12-09" name="Gehalt" id="A000050" lastreconciled="" opened="1900-01-01"/>
  <ACCOUNT number="" currency="EUR" parentaccount="A000049" description="" type="12" institution="" lastmodified="2023-12-09" name="Zulagen" id="A000051" lastreconciled="" opened="1900-01-01"/>
  <ACCOUNT number="" currency="EUR" parentaccount="AStd::Income" description="" type="12" institution="" lastmodified="" name="Geschenke" id="A000052" lastreconciled="" opened="1900-01-01"/>
  <ACCOUNT number="" currency="EUR" parentaccount="AStd::Income" description="" type="12" institution="" lastmodified="2023-11-03" name="Sonstiges" id="A000053" lastreconciled="" opened="1900-01-01"/>
  <ACCOUNT number="" currency="EUR" parentaccount="A000068" description="" type="12" institution="" lastmodified="" name="Zinsen" id="A000054" lastreconciled="" opened="1900-01-01">
   <SUBACCOUNTS>
    <SUBACCOUNT id="A000055"/>
    <SUBACCOUNT id="A000056"/>
    <SUBACCOUNT id="A000057"/>
   </SUBACCOUNTS>
  </ACCOUNT>
  <ACCOUNT number="" currency="EUR" parentaccount="A000054" description="" type="12" institution="" lastmodified="" name="Girokonto" id="A000055" lastreconciled="" opened="1900-01-01"/>
  <ACCOUNT number="" currency="EUR" parentaccount="A000054" description="" type="12" institution="" lastmodified="" name="Sonstige" id="A000056" lastreconciled="" opened="1900-01-01"/>
  <ACCOUNT number="" currency="EUR" parentaccount="A000054" description="" type="12" institution="" lastmodified="" name="Sparkonto" id="A000057" lastreconciled="" opened="1900-01-01"/>
  <ACCOUNT number="" currency="EUR" parentaccount="AStd::Liability" description="" type="10" institution="" lastmodified="" name="Barverbindlichkeiten" id="A000058" lastreconciled="" opened="2023-10-14">
   <SUBACCOUNTS>
    <SUBACCOUNT id="A000059"/>
   </SUBACCOUNTS>
  </ACCOUNT>
  <ACCOUNT number="" currency="EUR" parentaccount="A000058" description="" type="4" institution="" lastmodified="" name="Kreditkarte" id="A000059" lastreconciled="" opened="2023-10-14"/>
  <ACCOUNT number="" currency="EUR" parentaccount="AStd::Asset" description="" type="9" institution="" lastmodified="" name="Finanzanlagen" id="A000061" lastreconciled="" opened="2023-01-01">
   <SUBACCOUNTS>
    <SUBACCOUNT id="A000062"/>
   </SUBACCOUNTS>
   <KEYVALUEPAIRS>
    <PAIR key="iban" value=""/>
   </KEYVALUEPAIRS>
  </ACCOUNT>
  <ACCOUNT number="" currency="EUR" parentaccount="A000061" description="Aktiendepot 1" type="7" institution="I000001" lastmodified="" name="Depot RaiBa" id="A000062" lastreconciled="" opened="2023-01-01">
   <SUBACCOUNTS>
    <SUBACCOUNT id="A000063"/>
    <SUBACCOUNT id="A000064"/>
   </SUBACCOUNTS>
   <KEYVALUEPAIRS>
    <PAIR key="iban" value="DE01 1234 2345 3456 4567 99"/>
   </KEYVALUEPAIRS>
  </ACCOUNT>
  <ACCOUNT number="" currency="E000001" parentaccount="A000062" description="" type="15" institution="" lastmodified="2023-11-03" name="DE0007164600 SAP" id="A000063" lastreconciled="" opened="2023-11-03"/>
  <ACCOUNT number="" currency="E000002" parentaccount="A000062" description="" type="15" institution="" lastmodified="2023-11-03" name="DE0007100000 Mercedes-Benz Group AG" id="A000064" lastreconciled="" opened="2023-10-27"/>
  <ACCOUNT number="" currency="EUR" parentaccount="A000003" description="" type="3" institution="" lastmodified="2023-12-09" name="Kasse Bodo" id="A000065" lastreconciled="" opened="2023-01-01">
   <KEYVALUEPAIRS>
    <PAIR key="iban" value=""/>
   </KEYVALUEPAIRS>
  </ACCOUNT>
  <ACCOUNT number="" currency="EUR" parentaccount="A000003" description="" type="3" institution="" lastmodified="2023-12-09" name="Kasse Ada" id="A000066" lastreconciled="" opened="2023-01-01">
   <KEYVALUEPAIRS>
    <PAIR key="iban" value=""/>
   </KEYVALUEPAIRS>
  </ACCOUNT>
  <ACCOUNT number="" currency="EUR" parentaccount="A000023" description="" type="13" institution="" lastmodified="" name="Kapitalertrag" id="A000067" lastreconciled="" opened="1900-01-01"/>
  <ACCOUNT number="" currency="EUR" parentaccount="AStd::Income" description="" type="12" institution="" lastmodified="" name="Kapitalerträge" id="A000068" lastreconciled="" opened="1900-01-01">
   <SUBACCOUNTS>
    <SUBACCOUNT id="A000054"/>
    <SUBACCOUNT id="A000069"/>
   </SUBACCOUNTS>
  </ACCOUNT>
  <ACCOUNT number="" currency="EUR" parentaccount="A000068" description="" type="12" institution="" lastmodified="" name="Dividende" id="A000069" lastreconciled="" opened="1900-01-01">
   <SUBACCOUNTS>
    <SUBACCOUNT id="A000070"/>
    <SUBACCOUNT id="A000071"/>
   </SUBACCOUNTS>
  </ACCOUNT>
  <ACCOUNT number="" currency="EUR" parentaccount="A000069" description="" type="12" institution="" lastmodified="" name="Inland" id="A000070" lastreconciled="" opened="1900-01-01"/>
  <ACCOUNT number="" currency="EUR" parentaccount="A000069" description="" type="12" institution="" lastmodified="" name="Ausland" id="A000071" lastreconciled="" opened="1900-01-01"/>
  <ACCOUNT number="" currency="EUR" parentaccount="AStd::Expense" description="" type="13" institution="" lastmodified="" name="Bank" id="A000072" lastreconciled="" opened="1900-01-01">
   <SUBACCOUNTS>
    <SUBACCOUNT id="A000073"/>
   </SUBACCOUNTS>
  </ACCOUNT>
  <ACCOUNT number="" currency="EUR" parentaccount="A000072" description="" type="13" institution="" lastmodified="" name="Provision" id="A000073" lastreconciled="" opened="1900-01-01"/>
 </ACCOUNTS>
 <TRANSACTIONS count="18">
  <TRANSACTION commodity="EUR" entrydate="2023-11-03" memo="" postdate="2023-01-01" id="T000000000000000001">
   <SPLITS>
    <SPLIT account="A000004" number="" bankid="" payee="P000004" shares="10000/1" memo="" reconciledate="" reconcileflag="0" price="1/1" action="" id="S0001" value="10000/1"/>
    <SPLIT account="A000053" number="" bankid="" payee="P000004" shares="-10000/1" memo="" reconciledate="" reconcileflag="0" price="1/1" action="" id="S0002" value="-10000/1"/>
   </SPLITS>
  </TRANSACTION>
  <TRANSACTION commodity="EUR" entrydate="2023-10-14" memo="" postdate="2023-01-03" id="T000000000000000002">
   <SPLITS>
    <SPLIT account="A000004" number="" bankid="" payee="P000006" shares="1000/1" memo="Unfug und Quatsch GmbH Gehalt" reconciledate="" reconcileflag="0" price="1/1" action="" id="S0001" value="1000/1"/>
    <SPLIT account="A000050" number="" bankid="" payee="P000006" shares="-1000/1" memo="Unfug und Quatsch GmbH Gehalt" reconciledate="" reconcileflag="0" price="1/1" action="" id="S0002" value="-1000/1"/>
   </SPLITS>
  </TRANSACTION>
  <TRANSACTION commodity="EUR" entrydate="2023-12-09" memo="" postdate="2023-01-04" id="T000000000000000003">
   <SPLITS>
    <SPLIT account="A000004" number="" bankid="" payee="P000007" shares="-150/1" memo="" reconciledate="" reconcileflag="0" price="1/1" action="" id="S0001" value="-150/1"/>
    <SPLIT account="A000043" number="" bankid="" payee="P000007" shares="150/1" memo="" reconciledate="" reconcileflag="0" price="1/1" action="" id="S0002" value="150/1"/>
   </SPLITS>
  </TRANSACTION>
  <TRANSACTION commodity="EUR" entrydate="2023-12-09" memo="" postdate="2023-02-03" id="T000000000000000004">
   <SPLITS>
    <SPLIT account="A000004" number="" bankid="" payee="P000006" shares="1000/1" memo="" reconciledate="" reconcileflag="0" price="1/1" action="" id="S0001" value="1000/1"/>
    <SPLIT account="A000050" number="" bankid="" payee="P000006" shares="-1000/1" memo="" reconciledate="" reconcileflag="0" price="1/1" action="" id="S0002" value="-1000/1"/>
   </SPLITS>
  </TRANSACTION>
  <TRANSACTION commodity="EUR" entrydate="2023-12-09" memo="" postdate="2023-02-04" id="T000000000000000005">
   <SPLITS>
    <SPLIT account="A000004" number="" bankid="" payee="P000007" shares="-150/1" memo="" reconciledate="" reconcileflag="0" price="1/1" action="" id="S0001" value="-150/1"/>
    <SPLIT account="A000043" number="" bankid="" payee="P000007" shares="150/1" memo="" reconciledate="" reconcileflag="0" price="1/1" action="" id="S0002" value="150/1"/>
   </SPLITS>
  </TRANSACTION>
  <TRANSACTION commodity="EUR" entrydate="2023-12-09" memo="" postdate="2023-03-03" id="T000000000000000006">
   <SPLITS>
    <SPLIT account="A000004" number="" bankid="" payee="P000006" shares="1000/1" memo="" reconciledate="" reconcileflag="0" price="1/1" action="" id="S0001" value="1000/1"/>
    <SPLIT account="A000050" number="" bankid="" payee="P000006" shares="-1000/1" memo="" reconciledate="" reconcileflag="0" price="1/1" action="" id="S0002" value="-1000/1"/>
   </SPLITS>
  </TRANSACTION>
  <TRANSACTION commodity="EUR" entrydate="2023-12-09" memo="" postdate="2023-03-04" id="T000000000000000007">
   <SPLITS>
    <SPLIT account="A000004" number="" bankid="" payee="P000007" shares="-150/1" memo="" reconciledate="" reconcileflag="0" price="1/1" action="" id="S0001" value="-150/1"/>
    <SPLIT account="A000043" number="" bankid="" payee="P000007" shares="150/1" memo="" reconciledate="" reconcileflag="0" price="1/1" action="" id="S0002" value="150/1"/>
   </SPLITS>
  </TRANSACTION>
  <TRANSACTION commodity="EUR" entrydate="2023-12-09" memo="" postdate="2023-04-03" id="T000000000000000008">
   <SPLITS>
    <SPLIT account="A000004" number="" bankid="" payee="P000006" shares="1000/1" memo="" reconciledate="" reconcileflag="0" price="1/1" action="" id="S0001" value="1000/1"/>
    <SPLIT account="A000050" number="" bankid="" payee="P000006" shares="-1000/1" memo="" reconciledate="" reconcileflag="0" price="1/1" action="" id="S0002" value="-1000/1"/>
   </SPLITS>
  </TRANSACTION>
  <TRANSACTION commodity="EUR" entrydate="2023-12-09" memo="" postdate="2023-04-04" id="T000000000000000009">
   <SPLITS>
    <SPLIT account="A000004" number="" bankid="" payee="P000007" shares="-150/1" memo="" reconciledate="" reconcileflag="0" price="1/1" action="" id="S0001" value="-150/1"/>
    <SPLIT account="A000043" number="" bankid="" payee="P000007" shares="150/1" memo="" reconciledate="" reconcileflag="0" price="1/1" action="" id="S0002" value="150/1"/>
   </SPLITS>
  </TRANSACTION>
  <TRANSACTION commodity="EUR" entrydate="2023-12-09" memo="" postdate="2023-05-03" id="T000000000000000010">
   <SPLITS>
    <SPLIT account="A000004" number="" bankid="" payee="P000006" shares="1000/1" memo="" reconciledate="" reconcileflag="0" price="1/1" action="" id="S0001" value="1000/1"/>
    <SPLIT account="A000050" number="" bankid="" payee="P000006" shares="-1000/1" memo="" reconciledate="" reconcileflag="0" price="1/1" action="" id="S0002" value="-1000/1"/>
   </SPLITS>
  </TRANSACTION>
  <TRANSACTION commodity="EUR" entrydate="2023-12-09" memo="" postdate="2023-05-04" id="T000000000000000011">
   <SPLITS>
    <SPLIT account="A000004" number="" bankid="" payee="P000007" shares="-150/1" memo="" reconciledate="" reconcileflag="0" price="1/1" action="" id="S0001" value="-150/1"/>
    <SPLIT account="A000043" number="" bankid="" payee="P000007" shares="150/1" memo="" reconciledate="" reconcileflag="0" price="1/1" action="" id="S0002" value="150/1"/>
   </SPLITS>
  </TRANSACTION>
  <TRANSACTION commodity="EUR" entrydate="2023-12-09" memo="" postdate="2023-06-03" id="T000000000000000012">
   <SPLITS>
    <SPLIT account="A000004" number="" bankid="" payee="P000006" shares="1000/1" memo="" reconciledate="" reconcileflag="0" price="1/1" action="" id="S0001" value="1000/1"/>
    <SPLIT account="A000050" number="" bankid="" payee="P000006" shares="-1000/1" memo="" reconciledate="" reconcileflag="0" price="1/1" action="" id="S0002" value="-1000/1"/>
   </SPLITS>
  </TRANSACTION>
  <TRANSACTION commodity="EUR" entrydate="2023-12-09" memo="" postdate="2023-06-03" id="T000000000000000013">
   <SPLITS>
    <SPLIT account="A000004" number="" bankid="" payee="P000006" shares="500/1" memo="Prämie" reconciledate="" reconcileflag="0" price="1/1" action="" id="S0001" value="500/1"/>
    <SPLIT account="A000051" number="" bankid="" payee="P000006" shares="-500/1" memo="Prämie" reconciledate="" reconcileflag="0" price="1/1" action="" id="S0002" value="-500/1"/>
   </SPLITS>
  </TRANSACTION>
  <TRANSACTION commodity="EUR" entrydate="2023-12-09" memo="" postdate="2023-06-04" id="T000000000000000014">
   <SPLITS>
    <SPLIT account="A000004" number="" bankid="" payee="P000007" shares="-150/1" memo="" reconciledate="" reconcileflag="0" price="1/1" action="" id="S0001" value="-150/1"/>
    <SPLIT account="A000043" number="" bankid="" payee="P000007" shares="150/1" memo="" reconciledate="" reconcileflag="0" price="1/1" action="" id="S0002" value="150/1"/>
   </SPLITS>
  </TRANSACTION>
  <TRANSACTION commodity="EUR" entrydate="2023-10-14" memo="" postdate="2023-10-14" id="T000000000000000015">
   <SPLITS>
    <SPLIT account="A000004" number="" bankid="" payee="P000003" shares="-150/1" memo="Bargeldauszahlung" reconciledate="" reconcileflag="0" price="1/1" action="" id="S0001" value="-150/1"/>
    <SPLIT account="A000065" number="" bankid="" payee="P000003" shares="150/1" memo="Bargeldauszahlung" reconciledate="" reconcileflag="0" price="1/1" action="" id="S0002" value="150/1"/>
   </SPLITS>
  </TRANSACTION>
  <TRANSACTION commodity="EUR" entrydate="2023-12-09" memo="" postdate="2023-10-14" id="T000000000000000016">
   <SPLITS>
    <SPLIT account="A000065" number="" bankid="" payee="P000008" shares="-95/1" memo="" reconciledate="" reconcileflag="0" price="1/1" action="" id="S0001" value="-95/1"/>
    <SPLIT account="A000066" number="" bankid="" payee="P000008" shares="95/1" memo="" reconciledate="" reconcileflag="0" price="1/1" action="" id="S0002" value="95/1"/>
   </SPLITS>
  </TRANSACTION>
  <TRANSACTION commodity="EUR" entrydate="2023-11-03" memo="" postdate="2023-10-27" id="T000000000000000017">
   <SPLITS>
    <SPLIT account="A000004" number="" bankid="" payee="" shares="-3931/2" memo="" reconciledate="" reconcileflag="0" price="1/1" action="" id="S0001" value="-3931/2"/>
    <SPLIT account="A000020" number="" bankid="" payee="" shares="21/2" memo="" reconciledate="" reconcileflag="0" price="1/1" action="" id="S0002" value="21/2"/>
    <SPLIT account="A000064" number="" bankid="" payee="" shares="17/1" memo="" reconciledate="" reconcileflag="0" price="115/1" action="Buy" id="S0003" value="1955/1"/>
   </SPLITS>
  </TRANSACTION>
  <TRANSACTION commodity="EUR" entrydate="2023-11-03" memo="" postdate="2023-11-03" id="T000000000000000018">
   <SPLITS>
    <SPLIT account="A000004" number="" bankid="" payee="" shares="-1810/1" memo="" reconciledate="" reconcileflag="0" price="1/1" action="" id="S0001" value="-1810/1"/>
    <SPLIT account="A000020" number="" bankid="" payee="" shares="10/1" memo="" reconciledate="" reconcileflag="0" price="1/1" action="" id="S0002" value="10/1"/>
    <SPLIT account="A000063" number="" bankid="" payee="" shares="15/1" memo="" reconciledate="" reconcileflag="0" price="120/1" action="Buy" id="S0003" value="1800/1"/>
   </SPLITS>
  </TRANSACTION>
 </TRANSACTIONS>
 <KEYVALUEPAIRS>
  <PAIR key="kmm-baseCurrency" value="EUR"/>
  <PAIR key="kmm-id" value="{1f7ec5d2-f982-48eb-9ae3-22095e2362ee}"/>
 </KEYVALUEPAIRS>
 <SCHEDULES count="0"/>
 <SECURITIES count="2">
  <SECURITY pp="2" trading-currency="EUR" symbol="SAP" type="0" rounding-method="7" trading-market="XETRA" name="SAP AG" saf="100" id="E000001">
   <KEYVALUEPAIRS>
    <PAIR key="kmm-online-source" value="Finanztreff"/>
    <PAIR key="kmm-security-id" value="DE0007164600"/>
   </KEYVALUEPAIRS>
  </SECURITY>
  <SECURITY pp="2" trading-currency="EUR" symbol="MBG" type="0" rounding-method="7" trading-market="XETRA" name="Mercedes-Benz Group AG" saf="100" id="E000002">
   <KEYVALUEPAIRS>
    <PAIR key="kmm-security-id" value="DE0007100000"/>
   </KEYVALUEPAIRS>
  </SECURITY>
 </SECURITIES>
 <CURRENCIES count="2">
  <CURRENCY pp="4" symbol="€" type="3" rounding-method="7" name="Euro" saf="100" scf="100" id="EUR"/>
  <CURRENCY pp="4" symbol="$" type="3" rounding-method="7" name="US Dollar" saf="100" scf="100" id="USD"/>
 </CURRENCIES>
 <PRICES count="3">
  <PRICEPAIR from="E000001" to="EUR">
   <PRICE price="120/1" source="Transaction" date="2023-11-03"/>
   <PRICE price="239/2" source="User" date="2023-11-07"/>
  </PRICEPAIR>
  <PRICEPAIR from="E000002" to="EUR">
   <PRICE price="115/1" source="Transaction" date="2023-10-27"/>
   <PRICE price="233/2" source="User" date="2023-11-01"/>
  </PRICEPAIR>
  <PRICEPAIR from="USD" to="EUR">
   <PRICE price="23/25" source="User" date="2023-12-04"/>
  </PRICEPAIR>
 </PRICES>
 <REPORTS count="0"/>
 <BUDGETS count="0"/>
 <ONLINEJOBS count="0"/>
</KMYMONEY-FILE>
