<?xml version="1.0" encoding="utf-8"?>
<!DOCTYPE KMYMONEY-FILE>
<KMYMONEY-FILE>
 <FILEINFO>
  <CREATION_DATE date="2023-10-14"/>
  <LAST_MODIFIED_DATE date="2023-11-07"/>
  <VERSION id="1"/>
  <FIXVERSION id="5"/>
 </FILEINFO>
 <USER name="John Doe" email="">
  <ADDRESS city="" street="" telephone="" zipcode="" county=""/>
 </USER>
 <INSTITUTIONS count="1">
  <INSTITUTION manager="" name="RaiBa" id="I000001" sortcode="">
   <ADDRESS city="" street="" telephone="" zip=""/>
   <ACCOUNTIDS>
    <ACCOUNTID id="A000004"/>
    <ACCOUNTID id="A000005"/>
    <ACCOUNTID id="A000062"/>
   </ACCOUNTIDS>
   <KEYVALUEPAIRS>
    <PAIR key="bic" value=""/>
    <PAIR key="url" value=""/>
   </KEYVALUEPAIRS>
  </INSTITUTION>
 </INSTITUTIONS>
 <PAYEES count="5">
  <PAYEE matchingenabled="0" name="Eingang" id="P000001" email="" reference="">
   <ADDRESS postcode="" city="" street="" state="" telephone=""/>
  </PAYEE>
  <PAYEE matchingenabled="0" name="Gehalt" id="P000002" email="" reference="">
   <ADDRESS postcode="" city="" street="" state="" telephone=""/>
  </PAYEE>
  <PAYEE matchingenabled="0" name="Geldautomat" id="P000003" email="" reference="">
   <ADDRESS postcode="" city="" street="" state="" telephone=""/>
  </PAYEE>
  <PAYEE matchingenabled="0" name="Eröffnungssaldo" id="P000004" email="" reference="">
   <ADDRESS postcode="" city="" street="" state="" telephone=""/>
  </PAYEE>
  <PAYEE matchingenabled="0" notes="Pezi-Bär von der Urania kennt ihn gut" name="Fürchtegott Schnorzelmöller" id="P000005" email="fuerchtegott.schnorzelmoeller@prater.at" reference="">
   <ADDRESS postcode="1136" city="Wien" street="Krailbacher Gasse 123 a&#xa;Postfach ABC&#xa;Kennwort Kasperlpost" state="Österreich" telephone="+43 - 12 - 277278279"/>
  </PAYEE>
 </PAYEES>
 <COSTCENTERS count="0"/>
 <TAGS count="0"/>
 <ACCOUNTS count="67">
  <ACCOUNT currency="EUR" opened="" name="Asset" id="AStd::Asset" description="" type="9" lastreconciled="" lastmodified="" institution="" number="" parentaccount="">
   <SUBACCOUNTS>
    <SUBACCOUNT id="A000002"/>
    <SUBACCOUNT id="A000061"/>
   </SUBACCOUNTS>
  </ACCOUNT>
  <ACCOUNT currency="EUR" opened="" name="Liability" id="AStd::Liability" description="" type="10" lastreconciled="" lastmodified="" institution="" number="" parentaccount="">
   <SUBACCOUNTS>
    <SUBACCOUNT id="A000058"/>
   </SUBACCOUNTS>
  </ACCOUNT>
  <ACCOUNT currency="EUR" opened="" name="Expense" id="AStd::Expense" description="" type="13" lastreconciled="" lastmodified="" institution="" number="" parentaccount="">
   <SUBACCOUNTS>
    <SUBACCOUNT id="A000006"/>
    <SUBACCOUNT id="A000011"/>
    <SUBACCOUNT id="A000012"/>
    <SUBACCOUNT id="A000014"/>
    <SUBACCOUNT id="A000015"/>
    <SUBACCOUNT id="A000016"/>
    <SUBACCOUNT id="A000017"/>
    <SUBACCOUNT id="A000018"/>
    <SUBACCOUNT id="A000019"/>
    <SUBACCOUNT id="A000022"/>
    <SUBACCOUNT id="A000023"/>
    <SUBACCOUNT id="A000030"/>
    <SUBACCOUNT id="A000034"/>
    <SUBACCOUNT id="A000039"/>
    <SUBACCOUNT id="A000042"/>
   </SUBACCOUNTS>
  </ACCOUNT>
  <ACCOUNT currency="EUR" opened="" name="Income" id="AStd::Income" description="" type="12" lastreconciled="" lastmodified="" institution="" number="" parentaccount="">
   <SUBACCOUNTS>
    <SUBACCOUNT id="A000049"/>
    <SUBACCOUNT id="A000052"/>
    <SUBACCOUNT id="A000053"/>
    <SUBACCOUNT id="A000054"/>
   </SUBACCOUNTS>
  </ACCOUNT>
  <ACCOUNT currency="EUR" opened="" name="Equity" id="AStd::Equity" description="" type="16" lastreconciled="" lastmodified="" institution="" number="" parentaccount=""/>
  <ACCOUNT currency="EUR" opened="2023-10-14" name="Barvermögen" id="A000002" description="" type="9" lastreconciled="" lastmodified="" institution="" number="" parentaccount="AStd::Asset">
   <SUBACCOUNTS>
    <SUBACCOUNT id="A000003"/>
    <SUBACCOUNT id="A000004"/>
    <SUBACCOUNT id="A000005"/>
   </SUBACCOUNTS>
  </ACCOUNT>
  <ACCOUNT currency="EUR" opened="2023-10-14" name="Bargeld" id="A000003" description="" type="3" lastreconciled="" lastmodified="2023-11-02" institution="" number="" parentaccount="A000002"/>
  <ACCOUNT currency="EUR" opened="2023-01-01" name="Giro RaiBa" id="A000004" description="Girokonto 1" type="1" lastreconciled="" lastmodified="2023-11-03" institution="I000001" number="" parentaccount="A000002"/>
  <ACCOUNT currency="EUR" opened="2023-10-14" name="Spar RaiBa" id="A000005" description="" type="1" lastreconciled="" lastmodified="" institution="I000001" number="" parentaccount="A000002"/>
  <ACCOUNT currency="EUR" opened="1900-01-01" name="Bildung" id="A000006" description="" type="13" lastreconciled="" lastmodified="" institution="" number="" parentaccount="AStd::Expense">
   <SUBACCOUNTS>
    <SUBACCOUNT id="A000007"/>
    <SUBACCOUNT id="A000008"/>
    <SUBACCOUNT id="A000009"/>
    <SUBACCOUNT id="A000010"/>
   </SUBACCOUNTS>
  </ACCOUNT>
  <ACCOUNT currency="EUR" opened="1900-01-01" name="Abonnements" id="A000007" description="" type="13" lastreconciled="" lastmodified="" institution="" number="" parentaccount="A000006"/>
  <ACCOUNT currency="EUR" opened="1900-01-01" name="Bücher" id="A000008" description="" type="13" lastreconciled="" lastmodified="" institution="" number="" parentaccount="A000006"/>
  <ACCOUNT currency="EUR" opened="1900-01-01" name="Büroartikel" id="A000009" description="" type="13" lastreconciled="" lastmodified="" institution="" number="" parentaccount="A000006"/>
  <ACCOUNT currency="EUR" opened="1900-01-01" name="Zeitungen" id="A000010" description="" type="13" lastreconciled="" lastmodified="" institution="" number="" parentaccount="A000006"/>
  <ACCOUNT currency="EUR" opened="1900-01-01" name="Computer" id="A000011" description="" type="13" lastreconciled="" lastmodified="" institution="" number="" parentaccount="AStd::Expense"/>
  <ACCOUNT currency="EUR" opened="1900-01-01" name="Fahrtkosten" id="A000012" description="" type="13" lastreconciled="" lastmodified="" institution="" number="" parentaccount="AStd::Expense">
   <SUBACCOUNTS>
    <SUBACCOUNT id="A000013"/>
   </SUBACCOUNTS>
  </ACCOUNT>
  <ACCOUNT currency="EUR" opened="1900-01-01" name="Fahrkarten" id="A000013" description="" type="13" lastreconciled="" lastmodified="" institution="" number="" parentaccount="A000012"/>
  <ACCOUNT currency="EUR" opened="1900-01-01" name="Geschenke" id="A000014" description="" type="13" lastreconciled="" lastmodified="" institution="" number="" parentaccount="AStd::Expense"/>
  <ACCOUNT currency="EUR" opened="1900-01-01" name="Hobbies" id="A000015" description="" type="13" lastreconciled="" lastmodified="" institution="" number="" parentaccount="AStd::Expense"/>
  <ACCOUNT currency="EUR" opened="1900-01-01" name="Kleidung" id="A000016" description="" type="13" lastreconciled="" lastmodified="" institution="" number="" parentaccount="AStd::Expense"/>
  <ACCOUNT currency="EUR" opened="1900-01-01" name="Lebensmittel" id="A000017" description="" type="13" lastreconciled="" lastmodified="" institution="" number="" parentaccount="AStd::Expense"/>
  <ACCOUNT currency="EUR" opened="1900-01-01" name="Medikamente" id="A000018" description="" type="13" lastreconciled="" lastmodified="" institution="" number="" parentaccount="AStd::Expense"/>
  <ACCOUNT currency="EUR" opened="1900-01-01" name="Sonstiges" id="A000019" description="" type="13" lastreconciled="" lastmodified="" institution="" number="" parentaccount="AStd::Expense">
   <SUBACCOUNTS>
    <SUBACCOUNT id="A000020"/>
    <SUBACCOUNT id="A000021"/>
   </SUBACCOUNTS>
  </ACCOUNT>
  <ACCOUNT currency="EUR" opened="1900-01-01" name="Bankgebühren" id="A000020" description="" type="13" lastreconciled="" lastmodified="2023-11-03" institution="" number="" parentaccount="A000019"/>
  <ACCOUNT currency="EUR" opened="1900-01-01" name="Sonstiges" id="A000021" description="" type="13" lastreconciled="" lastmodified="" institution="" number="" parentaccount="A000019"/>
  <ACCOUNT currency="EUR" opened="1900-01-01" name="Spenden" id="A000022" description="" type="13" lastreconciled="" lastmodified="" institution="" number="" parentaccount="AStd::Expense"/>
  <ACCOUNT currency="EUR" opened="1900-01-01" name="Steuern" id="A000023" description="" type="13" lastreconciled="" lastmodified="" institution="" number="" parentaccount="AStd::Expense">
   <SUBACCOUNTS>
    <SUBACCOUNT id="A000024"/>
    <SUBACCOUNT id="A000025"/>
    <SUBACCOUNT id="A000026"/>
    <SUBACCOUNT id="A000027"/>
    <SUBACCOUNT id="A000028"/>
    <SUBACCOUNT id="A000029"/>
   </SUBACCOUNTS>
  </ACCOUNT>
  <ACCOUNT currency="EUR" opened="1900-01-01" name="Einkommensteuer" id="A000024" description="" type="13" lastreconciled="" lastmodified="" institution="" number="" parentaccount="A000023"/>
  <ACCOUNT currency="EUR" opened="1900-01-01" name="Pflegeversicherung" id="A000025" description="" type="13" lastreconciled="" lastmodified="" institution="" number="" parentaccount="A000023"/>
  <ACCOUNT currency="EUR" opened="1900-01-01" name="Rentenversicherung" id="A000026" description="" type="13" lastreconciled="" lastmodified="" institution="" number="" parentaccount="A000023"/>
  <ACCOUNT currency="EUR" opened="1900-01-01" name="Solidaritätszuschlag" id="A000027" description="" type="13" lastreconciled="" lastmodified="" institution="" number="" parentaccount="A000023"/>
  <ACCOUNT currency="EUR" opened="1900-01-01" name="Sonstige" id="A000028" description="" type="13" lastreconciled="" lastmodified="" institution="" number="" parentaccount="A000023"/>
  <ACCOUNT currency="EUR" opened="1900-01-01" name="Sozialabgaben" id="A000029" description="" type="13" lastreconciled="" lastmodified="" institution="" number="" parentaccount="A000023"/>
  <ACCOUNT currency="EUR" opened="1900-01-01" name="Telekommunikation" id="A000030" description="" type="13" lastreconciled="" lastmodified="" institution="" number="" parentaccount="AStd::Expense">
   <SUBACCOUNTS>
    <SUBACCOUNT id="A000031"/>
    <SUBACCOUNT id="A000032"/>
    <SUBACCOUNT id="A000033"/>
   </SUBACCOUNTS>
  </ACCOUNT>
  <ACCOUNT currency="EUR" opened="1900-01-01" name="Fernsehen" id="A000031" description="" type="13" lastreconciled="" lastmodified="" institution="" number="" parentaccount="A000030"/>
  <ACCOUNT currency="EUR" opened="1900-01-01" name="Online-Dienste" id="A000032" description="" type="13" lastreconciled="" lastmodified="" institution="" number="" parentaccount="A000030"/>
  <ACCOUNT currency="EUR" opened="1900-01-01" name="Telefon" id="A000033" description="" type="13" lastreconciled="" lastmodified="" institution="" number="" parentaccount="A000030"/>
  <ACCOUNT currency="EUR" opened="1900-01-01" name="Unterhaltung" id="A000034" description="" type="13" lastreconciled="" lastmodified="" institution="" number="" parentaccount="AStd::Expense">
   <SUBACCOUNTS>
    <SUBACCOUNT id="A000035"/>
    <SUBACCOUNT id="A000036"/>
    <SUBACCOUNT id="A000037"/>
    <SUBACCOUNT id="A000038"/>
   </SUBACCOUNTS>
  </ACCOUNT>
  <ACCOUNT currency="EUR" opened="1900-01-01" name="Ausgehen" id="A000035" description="" type="13" lastreconciled="" lastmodified="" institution="" number="" parentaccount="A000034"/>
  <ACCOUNT currency="EUR" opened="1900-01-01" name="Musik/Kino" id="A000036" description="" type="13" lastreconciled="" lastmodified="" institution="" number="" parentaccount="A000034"/>
  <ACCOUNT currency="EUR" opened="1900-01-01" name="Reisen" id="A000037" description="" type="13" lastreconciled="" lastmodified="" institution="" number="" parentaccount="A000034"/>
  <ACCOUNT currency="EUR" opened="1900-01-01" name="Sport" id="A000038" description="" type="13" lastreconciled="" lastmodified="" institution="" number="" parentaccount="A000034"/>
  <ACCOUNT currency="EUR" opened="1900-01-01" name="Versicherungen" id="A000039" description="" type="13" lastreconciled="" lastmodified="" institution="" number="" parentaccount="AStd::Expense">
   <SUBACCOUNTS>
    <SUBACCOUNT id="A000040"/>
    <SUBACCOUNT id="A000041"/>
   </SUBACCOUNTS>
  </ACCOUNT>
  <ACCOUNT currency="EUR" opened="1900-01-01" name="Haftpflicht" id="A000040" description="" type="13" lastreconciled="" lastmodified="" institution="" number="" parentaccount="A000039"/>
  <ACCOUNT currency="EUR" opened="1900-01-01" name="Krankenversicherung" id="A000041" description="" type="13" lastreconciled="" lastmodified="" institution="" number="" parentaccount="A000039"/>
  <ACCOUNT currency="EUR" opened="1900-01-01" name="Wohnen" id="A000042" description="" type="13" lastreconciled="" lastmodified="" institution="" number="" parentaccount="AStd::Expense">
   <SUBACCOUNTS>
    <SUBACCOUNT id="A000043"/>
    <SUBACCOUNT id="A000044"/>
   </SUBACCOUNTS>
  </ACCOUNT>
  <ACCOUNT currency="EUR" opened="1900-01-01" name="Miete" id="A000043" description="" type="13" lastreconciled="" lastmodified="" institution="" number="" parentaccount="A000042"/>
  <ACCOUNT currency="EUR" opened="1900-01-01" name="Nebenkosten" id="A000044" description="" type="13" lastreconciled="" lastmodified="" institution="" number="" parentaccount="A000042">
   <SUBACCOUNTS>
    <SUBACCOUNT id="A000045"/>
    <SUBACCOUNT id="A000046"/>
    <SUBACCOUNT id="A000047"/>
    <SUBACCOUNT id="A000048"/>
   </SUBACCOUNTS>
  </ACCOUNT>
  <ACCOUNT currency="EUR" opened="1900-01-01" name="Abfall" id="A000045" description="" type="13" lastreconciled="" lastmodified="" institution="" number="" parentaccount="A000044"/>
  <ACCOUNT currency="EUR" opened="1900-01-01" name="Gas" id="A000046" description="" type="13" lastreconciled="" lastmodified="" institution="" number="" parentaccount="A000044"/>
  <ACCOUNT currency="EUR" opened="1900-01-01" name="Strom" id="A000047" description="" type="13" lastreconciled="" lastmodified="" institution="" number="" parentaccount="A000044"/>
  <ACCOUNT currency="EUR" opened="1900-01-01" name="Wasser" id="A000048" description="" type="13" lastreconciled="" lastmodified="" institution="" number="" parentaccount="A000044"/>
  <ACCOUNT currency="EUR" opened="1900-01-01" name="Gehalt" id="A000049" description="" type="12" lastreconciled="" lastmodified="" institution="" number="" parentaccount="AStd::Income">
   <SUBACCOUNTS>
    <SUBACCOUNT id="A000050"/>
    <SUBACCOUNT id="A000051"/>
   </SUBACCOUNTS>
  </ACCOUNT>
  <ACCOUNT currency="EUR" opened="1900-01-01" name="Gehalt" id="A000050" description="" type="12" lastreconciled="" lastmodified="2023-11-02" institution="" number="" parentaccount="A000049"/>
  <ACCOUNT currency="EUR" opened="1900-01-01" name="Zulagen" id="A000051" description="" type="12" lastreconciled="" lastmodified="" institution="" number="" parentaccount="A000049"/>
  <ACCOUNT currency="EUR" opened="1900-01-01" name="Geschenke" id="A000052" description="" type="12" lastreconciled="" lastmodified="" institution="" number="" parentaccount="AStd::Income"/>
  <ACCOUNT currency="EUR" opened="1900-01-01" name="Sonstiges" id="A000053" description="" type="12" lastreconciled="" lastmodified="2023-11-03" institution="" number="" parentaccount="AStd::Income"/>
  <ACCOUNT currency="EUR" opened="1900-01-01" name="Zinsen" id="A000054" description="" type="12" lastreconciled="" lastmodified="" institution="" number="" parentaccount="AStd::Income">
   <SUBACCOUNTS>
    <SUBACCOUNT id="A000055"/>
    <SUBACCOUNT id="A000056"/>
    <SUBACCOUNT id="A000057"/>
   </SUBACCOUNTS>
  </ACCOUNT>
  <ACCOUNT currency="EUR" opened="1900-01-01" name="Girokonto" id="A000055" description="" type="12" lastreconciled="" lastmodified="" institution="" number="" parentaccount="A000054"/>
  <ACCOUNT currency="EUR" opened="1900-01-01" name="Sonstige" id="A000056" description="" type="12" lastreconciled="" lastmodified="" institution="" number="" parentaccount="A000054"/>
  <ACCOUNT currency="EUR" opened="1900-01-01" name="Sparkonto" id="A000057" description="" type="12" lastreconciled="" lastmodified="" institution="" number="" parentaccount="A000054"/>
  <ACCOUNT currency="EUR" opened="2023-10-14" name="Barverbindlichkeiten" id="A000058" description="" type="10" lastreconciled="" lastmodified="" institution="" number="" parentaccount="AStd::Liability">
   <SUBACCOUNTS>
    <SUBACCOUNT id="A000059"/>
   </SUBACCOUNTS>
  </ACCOUNT>
  <ACCOUNT currency="EUR" opened="2023-10-14" name="Kreditkarte" id="A000059" description="" type="4" lastreconciled="" lastmodified="" institution="" number="" parentaccount="A000058"/>
  <ACCOUNT currency="EUR" opened="2023-01-01" name="Finanzanlagen" id="A000061" description="" type="9" lastreconciled="" lastmodified="" institution="" number="" parentaccount="AStd::Asset">
   <SUBACCOUNTS>
    <SUBACCOUNT id="A000062"/>
   </SUBACCOUNTS>
   <KEYVALUEPAIRS>
    <PAIR key="iban" value=""/>
   </KEYVALUEPAIRS>
  </ACCOUNT>
  <ACCOUNT currency="EUR" opened="2023-01-01" name="Depot RaiBa" id="A000062" description="Aktiendepot 1" type="7" lastreconciled="" lastmodified="" institution="I000001" number="" parentaccount="A000061">
   <SUBACCOUNTS>
    <SUBACCOUNT id="A000063"/>
    <SUBACCOUNT id="A000064"/>
   </SUBACCOUNTS>
  </ACCOUNT>
  <ACCOUNT currency="E000001" opened="2023-11-03" name="DE0007164600 SAP" id="A000063" description="" type="15" lastreconciled="" lastmodified="2023-11-03" institution="" number="" parentaccount="A000062"/>
  <ACCOUNT currency="E000002" opened="2023-10-27" name="DE0007100000 Mercedes-Benz Group AG" id="A000064" description="" type="15" lastreconciled="" lastmodified="2023-11-03" institution="" number="" parentaccount="A000062"/>
 </ACCOUNTS>
 <TRANSACTIONS count="5">
  <TRANSACTION commodity="EUR" id="T000000000000000001" memo="" entrydate="2023-11-03" postdate="2023-01-01">
   <SPLITS>
    <SPLIT id="S0001" shares="10000/1" price="1/1" memo="" value="10000/1" payee="P000004" action="" account="A000004" number="" bankid="" reconciledate="" reconcileflag="0"/>
    <SPLIT id="S0002" shares="-10000/1" price="1/1" memo="" value="-10000/1" payee="P000004" action="" account="A000053" number="" bankid="" reconciledate="" reconcileflag="0"/>
   </SPLITS>
  </TRANSACTION>
  <TRANSACTION commodity="EUR" id="T000000000000000002" memo="" entrydate="2023-10-14" postdate="2023-01-03">
   <SPLITS>
    <SPLIT id="S0001" shares="1000/1" price="1/1" memo="Unfug und Quatsch GmbH Gehalt" value="1000/1" payee="P000002" action="" account="A000004" number="" bankid="" reconciledate="" reconcileflag="0"/>
    <SPLIT id="S0002" shares="-1000/1" price="1/1" memo="Unfug und Quatsch GmbH Gehalt" value="-1000/1" payee="P000002" action="" account="A000050" number="" bankid="" reconciledate="" reconcileflag="0"/>
   </SPLITS>
  </TRANSACTION>
  <TRANSACTION commodity="EUR" id="T000000000000000003" memo="" entrydate="2023-10-14" postdate="2023-10-14">
   <SPLITS>
    <SPLIT id="S0001" shares="150/1" price="1/1" memo="Bargeldauszahlung" value="150/1" payee="P000003" action="" account="A000004" number="" bankid="" reconciledate="" reconcileflag="0"/>
    <SPLIT id="S0002" shares="-150/1" price="1/1" memo="Bargeldauszahlung" value="-150/1" payee="P000003" action="" account="A000003" number="" bankid="" reconciledate="" reconcileflag="0"/>
   </SPLITS>
  </TRANSACTION>
  <TRANSACTION commodity="EUR" id="T000000000000000004" memo="" entrydate="2023-11-03" postdate="2023-10-27">
   <SPLITS>
    <SPLIT id="S0001" shares="-3931/2" price="1/1" memo="" value="-3931/2" payee="" action="" account="A000004" number="" bankid="" reconciledate="" reconcileflag="0"/>
    <SPLIT id="S0002" shares="21/2" price="1/1" memo="" value="21/2" payee="" action="" account="A000020" number="" bankid="" reconciledate="" reconcileflag="0"/>
    <SPLIT id="S0003" shares="17/1" price="115/1" memo="" value="1955/1" payee="" action="Buy" account="A000064" number="" bankid="" reconciledate="" reconcileflag="0"/>
   </SPLITS>
  </TRANSACTION>
  <TRANSACTION commodity="EUR" id="T000000000000000005" memo="" entrydate="2023-11-03" postdate="2023-11-03">
   <SPLITS>
    <SPLIT id="S0001" shares="-1810/1" price="1/1" memo="" value="-1810/1" payee="" action="" account="A000004" number="" bankid="" reconciledate="" reconcileflag="0"/>
    <SPLIT id="S0002" shares="10/1" price="1/1" memo="" value="10/1" payee="" action="" account="A000020" number="" bankid="" reconciledate="" reconcileflag="0"/>
    <SPLIT id="S0003" shares="15/1" price="120/1" memo="" value="1800/1" payee="" action="Buy" account="A000063" number="" bankid="" reconciledate="" reconcileflag="0"/>
   </SPLITS>
  </TRANSACTION>
 </TRANSACTIONS>
 <KEYVALUEPAIRS>
  <PAIR key="kmm-baseCurrency" value="EUR"/>
  <PAIR key="kmm-id" value="{1f7ec5d2-f982-48eb-9ae3-22095e2362ee}"/>
 </KEYVALUEPAIRS>
 <SCHEDULES count="0"/>
 <SECURITIES count="2">
  <SECURITY trading-currency="EUR" saf="100" name="SAP AG" id="E000001" type="0" symbol="SAP" trading-market="XETRA" rounding-method="7" pp="2">
   <KEYVALUEPAIRS>
    <PAIR key="kmm-security-id" value="DE0007164600"/>
   </KEYVALUEPAIRS>
  </SECURITY>
  <SECURITY trading-currency="EUR" saf="100" name="Mercedes-Benz Group AG" id="E000002" type="0" symbol="MBG" trading-market="XETRA" rounding-method="7" pp="2">
   <KEYVALUEPAIRS>
    <PAIR key="kmm-security-id" value="DE0007100000"/>
   </KEYVALUEPAIRS>
  </SECURITY>
 </SECURITIES>
 <CURRENCIES count="1">
  <CURRENCY saf="100" scf="100" name="Euro" id="EUR" type="3" symbol="€" rounding-method="7" pp="4"/>
 </CURRENCIES>
 <PRICES count="2">
  <PRICEPAIR to="EUR" from="E000001">
   <PRICE price="120/1" date="2023-11-03" source="Transaction"/>
   <PRICE price="239/2" date="2023-11-07" source="User"/>
  </PRICEPAIR>
  <PRICEPAIR to="EUR" from="E000002">
   <PRICE price="115/1" date="2023-10-27" source="Transaction"/>
   <PRICE price="233/2" date="2023-11-01" source="User"/>
  </PRICEPAIR>
 </PRICES>
 <REPORTS count="0"/>
 <BUDGETS count="0"/>
 <ONLINEJOBS count="0"/>
</KMYMONEY-FILE>
