<?xml version="1.0" encoding="utf-8"?>
<!DOCTYPE KMYMONEY-FILE>
<KMYMONEY-FILE>
 <FILEINFO>
  <CREATION_DATE date="2023-10-14"/>
  <LAST_MODIFIED_DATE date="2023-10-15"/>
  <VERSION id="1"/>
  <FIXVERSION id="5"/>
 </FILEINFO>
 <USER name="John Doe" email="">
  <ADDRESS telephone="" county="" zipcode="" street="" city=""/>
 </USER>
 <INSTITUTIONS count="0"/>
 <PAYEES count="3">
  <PAYEE name="Eingang" id="P000001" matchingenabled="0" email="" reference="">
   <ADDRESS telephone="" postcode="" street="" state="" city=""/>
  </PAYEE>
  <PAYEE name="Gehalt" id="P000002" matchingenabled="0" email="" reference="">
   <ADDRESS telephone="" postcode="" street="" state="" city=""/>
  </PAYEE>
  <PAYEE name="Geldautomat" id="P000003" matchingenabled="0" email="" reference="">
   <ADDRESS telephone="" postcode="" street="" state="" city=""/>
  </PAYEE>
 </PAYEES>
 <COSTCENTERS count="0"/>
 <TAGS count="0"/>
 <ACCOUNTS count="64">
  <ACCOUNT parentaccount="" name="Asset" id="AStd::Asset" lastmodified="" institution="" number="" lastreconciled="" opened="" currency="EUR" type="9" description="">
   <SUBACCOUNTS>
    <SUBACCOUNT id="A000001"/>
    <SUBACCOUNT id="A000002"/>
   </SUBACCOUNTS>
  </ACCOUNT>
  <ACCOUNT parentaccount="" name="Liability" id="AStd::Liability" lastmodified="" institution="" number="" lastreconciled="" opened="" currency="EUR" type="10" description="">
   <SUBACCOUNTS>
    <SUBACCOUNT id="A000058"/>
   </SUBACCOUNTS>
  </ACCOUNT>
  <ACCOUNT parentaccount="" name="Expense" id="AStd::Expense" lastmodified="" institution="" number="" lastreconciled="" opened="" currency="EUR" type="13" description="">
   <SUBACCOUNTS>
    <SUBACCOUNT id="A000006"/>
    <SUBACCOUNT id="A000011"/>
    <SUBACCOUNT id="A000012"/>
    <SUBACCOUNT id="A000014"/>
    <SUBACCOUNT id="A000015"/>
    <SUBACCOUNT id="A000016"/>
    <SUBACCOUNT id="A000017"/>
    <SUBACCOUNT id="A000018"/>
    <SUBACCOUNT id="A000019"/>
    <SUBACCOUNT id="A000022"/>
    <SUBACCOUNT id="A000023"/>
    <SUBACCOUNT id="A000030"/>
    <SUBACCOUNT id="A000034"/>
    <SUBACCOUNT id="A000039"/>
    <SUBACCOUNT id="A000042"/>
   </SUBACCOUNTS>
  </ACCOUNT>
  <ACCOUNT parentaccount="" name="Income" id="AStd::Income" lastmodified="" institution="" number="" lastreconciled="" opened="" currency="EUR" type="12" description="">
   <SUBACCOUNTS>
    <SUBACCOUNT id="A000049"/>
    <SUBACCOUNT id="A000052"/>
    <SUBACCOUNT id="A000053"/>
    <SUBACCOUNT id="A000054"/>
   </SUBACCOUNTS>
  </ACCOUNT>
  <ACCOUNT parentaccount="" name="Equity" id="AStd::Equity" lastmodified="" institution="" number="" lastreconciled="" opened="" currency="EUR" type="16" description=""/>
  <ACCOUNT parentaccount="AStd::Asset" name="Giro" id="A000001" lastmodified="2023-10-15" institution="" number="" lastreconciled="" opened="2023-01-01" currency="EUR" type="1" description=""/>
  <ACCOUNT parentaccount="AStd::Asset" name="Barvermögen" id="A000002" lastmodified="" institution="" number="" lastreconciled="" opened="2023-10-14" currency="EUR" type="9" description="">
   <SUBACCOUNTS>
    <SUBACCOUNT id="A000003"/>
    <SUBACCOUNT id="A000004"/>
    <SUBACCOUNT id="A000005"/>
   </SUBACCOUNTS>
  </ACCOUNT>
  <ACCOUNT parentaccount="A000002" name="Bargeld" id="A000003" lastmodified="2023-10-15" institution="" number="" lastreconciled="" opened="2023-10-14" currency="EUR" type="3" description=""/>
  <ACCOUNT parentaccount="A000002" name="Girokonto" id="A000004" lastmodified="" institution="" number="" lastreconciled="" opened="2023-10-14" currency="EUR" type="1" description=""/>
  <ACCOUNT parentaccount="A000002" name="Sparkonto" id="A000005" lastmodified="" institution="" number="" lastreconciled="" opened="2023-10-14" currency="EUR" type="1" description=""/>
  <ACCOUNT parentaccount="AStd::Expense" name="Bildung" id="A000006" lastmodified="" institution="" number="" lastreconciled="" opened="1900-01-01" currency="EUR" type="13" description="">
   <SUBACCOUNTS>
    <SUBACCOUNT id="A000007"/>
    <SUBACCOUNT id="A000008"/>
    <SUBACCOUNT id="A000009"/>
    <SUBACCOUNT id="A000010"/>
   </SUBACCOUNTS>
  </ACCOUNT>
  <ACCOUNT parentaccount="A000006" name="Abonnements" id="A000007" lastmodified="" institution="" number="" lastreconciled="" opened="1900-01-01" currency="EUR" type="13" description=""/>
  <ACCOUNT parentaccount="A000006" name="Bücher" id="A000008" lastmodified="" institution="" number="" lastreconciled="" opened="1900-01-01" currency="EUR" type="13" description=""/>
  <ACCOUNT parentaccount="A000006" name="Büroartikel" id="A000009" lastmodified="" institution="" number="" lastreconciled="" opened="1900-01-01" currency="EUR" type="13" description=""/>
  <ACCOUNT parentaccount="A000006" name="Zeitungen" id="A000010" lastmodified="" institution="" number="" lastreconciled="" opened="1900-01-01" currency="EUR" type="13" description=""/>
  <ACCOUNT parentaccount="AStd::Expense" name="Computer" id="A000011" lastmodified="" institution="" number="" lastreconciled="" opened="1900-01-01" currency="EUR" type="13" description=""/>
  <ACCOUNT parentaccount="AStd::Expense" name="Fahrtkosten" id="A000012" lastmodified="" institution="" number="" lastreconciled="" opened="1900-01-01" currency="EUR" type="13" description="">
   <SUBACCOUNTS>
    <SUBACCOUNT id="A000013"/>
   </SUBACCOUNTS>
  </ACCOUNT>
  <ACCOUNT parentaccount="A000012" name="Fahrkarten" id="A000013" lastmodified="" institution="" number="" lastreconciled="" opened="1900-01-01" currency="EUR" type="13" description=""/>
  <ACCOUNT parentaccount="AStd::Expense" name="Geschenke" id="A000014" lastmodified="" institution="" number="" lastreconciled="" opened="1900-01-01" currency="EUR" type="13" description=""/>
  <ACCOUNT parentaccount="AStd::Expense" name="Hobbies" id="A000015" lastmodified="" institution="" number="" lastreconciled="" opened="1900-01-01" currency="EUR" type="13" description=""/>
  <ACCOUNT parentaccount="AStd::Expense" name="Kleidung" id="A000016" lastmodified="" institution="" number="" lastreconciled="" opened="1900-01-01" currency="EUR" type="13" description=""/>
  <ACCOUNT parentaccount="AStd::Expense" name="Lebensmittel" id="A000017" lastmodified="" institution="" number="" lastreconciled="" opened="1900-01-01" currency="EUR" type="13" description=""/>
  <ACCOUNT parentaccount="AStd::Expense" name="Medikamente" id="A000018" lastmodified="" institution="" number="" lastreconciled="" opened="1900-01-01" currency="EUR" type="13" description=""/>
  <ACCOUNT parentaccount="AStd::Expense" name="Sonstiges" id="A000019" lastmodified="" institution="" number="" lastreconciled="" opened="1900-01-01" currency="EUR" type="13" description="">
   <SUBACCOUNTS>
    <SUBACCOUNT id="A000020"/>
    <SUBACCOUNT id="A000021"/>
   </SUBACCOUNTS>
  </ACCOUNT>
  <ACCOUNT parentaccount="A000019" name="Bankgebühren" id="A000020" lastmodified="" institution="" number="" lastreconciled="" opened="1900-01-01" currency="EUR" type="13" description=""/>
  <ACCOUNT parentaccount="A000019" name="Sonstiges" id="A000021" lastmodified="" institution="" number="" lastreconciled="" opened="1900-01-01" currency="EUR" type="13" description=""/>
  <ACCOUNT parentaccount="AStd::Expense" name="Spenden" id="A000022" lastmodified="" institution="" number="" lastreconciled="" opened="1900-01-01" currency="EUR" type="13" description=""/>
  <ACCOUNT parentaccount="AStd::Expense" name="Steuern" id="A000023" lastmodified="" institution="" number="" lastreconciled="" opened="1900-01-01" currency="EUR" type="13" description="">
   <SUBACCOUNTS>
    <SUBACCOUNT id="A000024"/>
    <SUBACCOUNT id="A000025"/>
    <SUBACCOUNT id="A000026"/>
    <SUBACCOUNT id="A000027"/>
    <SUBACCOUNT id="A000028"/>
    <SUBACCOUNT id="A000029"/>
   </SUBACCOUNTS>
  </ACCOUNT>
  <ACCOUNT parentaccount="A000023" name="Einkommensteuer" id="A000024" lastmodified="" institution="" number="" lastreconciled="" opened="1900-01-01" currency="EUR" type="13" description=""/>
  <ACCOUNT parentaccount="A000023" name="Pflegeversicherung" id="A000025" lastmodified="" institution="" number="" lastreconciled="" opened="1900-01-01" currency="EUR" type="13" description=""/>
  <ACCOUNT parentaccount="A000023" name="Rentenversicherung" id="A000026" lastmodified="" institution="" number="" lastreconciled="" opened="1900-01-01" currency="EUR" type="13" description=""/>
  <ACCOUNT parentaccount="A000023" name="Solidaritätszuschlag" id="A000027" lastmodified="" institution="" number="" lastreconciled="" opened="1900-01-01" currency="EUR" type="13" description=""/>
  <ACCOUNT parentaccount="A000023" name="Sonstige" id="A000028" lastmodified="" institution="" number="" lastreconciled="" opened="1900-01-01" currency="EUR" type="13" description=""/>
  <ACCOUNT parentaccount="A000023" name="Sozialabgaben" id="A000029" lastmodified="" institution="" number="" lastreconciled="" opened="1900-01-01" currency="EUR" type="13" description=""/>
  <ACCOUNT parentaccount="AStd::Expense" name="Telekommunikation" id="A000030" lastmodified="" institution="" number="" lastreconciled="" opened="1900-01-01" currency="EUR" type="13" description="">
   <SUBACCOUNTS>
    <SUBACCOUNT id="A000031"/>
    <SUBACCOUNT id="A000032"/>
    <SUBACCOUNT id="A000033"/>
   </SUBACCOUNTS>
  </ACCOUNT>
  <ACCOUNT parentaccount="A000030" name="Fernsehen" id="A000031" lastmodified="" institution="" number="" lastreconciled="" opened="1900-01-01" currency="EUR" type="13" description=""/>
  <ACCOUNT parentaccount="A000030" name="Online-Dienste" id="A000032" lastmodified="" institution="" number="" lastreconciled="" opened="1900-01-01" currency="EUR" type="13" description=""/>
  <ACCOUNT parentaccount="A000030" name="Telefon" id="A000033" lastmodified="" institution="" number="" lastreconciled="" opened="1900-01-01" currency="EUR" type="13" description=""/>
  <ACCOUNT parentaccount="AStd::Expense" name="Unterhaltung" id="A000034" lastmodified="" institution="" number="" lastreconciled="" opened="1900-01-01" currency="EUR" type="13" description="">
   <SUBACCOUNTS>
    <SUBACCOUNT id="A000035"/>
    <SUBACCOUNT id="A000036"/>
    <SUBACCOUNT id="A000037"/>
    <SUBACCOUNT id="A000038"/>
   </SUBACCOUNTS>
  </ACCOUNT>
  <ACCOUNT parentaccount="A000034" name="Ausgehen" id="A000035" lastmodified="" institution="" number="" lastreconciled="" opened="1900-01-01" currency="EUR" type="13" description=""/>
  <ACCOUNT parentaccount="A000034" name="Musik/Kino" id="A000036" lastmodified="" institution="" number="" lastreconciled="" opened="1900-01-01" currency="EUR" type="13" description=""/>
  <ACCOUNT parentaccount="A000034" name="Reisen" id="A000037" lastmodified="" institution="" number="" lastreconciled="" opened="1900-01-01" currency="EUR" type="13" description=""/>
  <ACCOUNT parentaccount="A000034" name="Sport" id="A000038" lastmodified="" institution="" number="" lastreconciled="" opened="1900-01-01" currency="EUR" type="13" description=""/>
  <ACCOUNT parentaccount="AStd::Expense" name="Versicherungen" id="A000039" lastmodified="" institution="" number="" lastreconciled="" opened="1900-01-01" currency="EUR" type="13" description="">
   <SUBACCOUNTS>
    <SUBACCOUNT id="A000040"/>
    <SUBACCOUNT id="A000041"/>
   </SUBACCOUNTS>
  </ACCOUNT>
  <ACCOUNT parentaccount="A000039" name="Haftpflicht" id="A000040" lastmodified="" institution="" number="" lastreconciled="" opened="1900-01-01" currency="EUR" type="13" description=""/>
  <ACCOUNT parentaccount="A000039" name="Krankenversicherung" id="A000041" lastmodified="" institution="" number="" lastreconciled="" opened="1900-01-01" currency="EUR" type="13" description=""/>
  <ACCOUNT parentaccount="AStd::Expense" name="Wohnen" id="A000042" lastmodified="" institution="" number="" lastreconciled="" opened="1900-01-01" currency="EUR" type="13" description="">
   <SUBACCOUNTS>
    <SUBACCOUNT id="A000043"/>
    <SUBACCOUNT id="A000044"/>
   </SUBACCOUNTS>
  </ACCOUNT>
  <ACCOUNT parentaccount="A000042" name="Miete" id="A000043" lastmodified="" institution="" number="" lastreconciled="" opened="1900-01-01" currency="EUR" type="13" description=""/>
  <ACCOUNT parentaccount="A000042" name="Nebenkosten" id="A000044" lastmodified="" institution="" number="" lastreconciled="" opened="1900-01-01" currency="EUR" type="13" description="">
   <SUBACCOUNTS>
    <SUBACCOUNT id="A000045"/>
    <SUBACCOUNT id="A000046"/>
    <SUBACCOUNT id="A000047"/>
    <SUBACCOUNT id="A000048"/>
   </SUBACCOUNTS>
  </ACCOUNT>
  <ACCOUNT parentaccount="A000044" name="Abfall" id="A000045" lastmodified="" institution="" number="" lastreconciled="" opened="1900-01-01" currency="EUR" type="13" description=""/>
  <ACCOUNT parentaccount="A000044" name="Gas" id="A000046" lastmodified="" institution="" number="" lastreconciled="" opened="1900-01-01" currency="EUR" type="13" description=""/>
  <ACCOUNT parentaccount="A000044" name="Strom" id="A000047" lastmodified="" institution="" number="" lastreconciled="" opened="1900-01-01" currency="EUR" type="13" description=""/>
  <ACCOUNT parentaccount="A000044" name="Wasser" id="A000048" lastmodified="" institution="" number="" lastreconciled="" opened="1900-01-01" currency="EUR" type="13" description=""/>
  <ACCOUNT parentaccount="AStd::Income" name="Gehalt" id="A000049" lastmodified="" institution="" number="" lastreconciled="" opened="1900-01-01" currency="EUR" type="12" description="">
   <SUBACCOUNTS>
    <SUBACCOUNT id="A000050"/>
    <SUBACCOUNT id="A000051"/>
   </SUBACCOUNTS>
  </ACCOUNT>
  <ACCOUNT parentaccount="A000049" name="Gehalt" id="A000050" lastmodified="2023-10-14" institution="" number="" lastreconciled="" opened="1900-01-01" currency="EUR" type="12" description=""/>
  <ACCOUNT parentaccount="A000049" name="Zulagen" id="A000051" lastmodified="" institution="" number="" lastreconciled="" opened="1900-01-01" currency="EUR" type="12" description=""/>
  <ACCOUNT parentaccount="AStd::Income" name="Geschenke" id="A000052" lastmodified="" institution="" number="" lastreconciled="" opened="1900-01-01" currency="EUR" type="12" description=""/>
  <ACCOUNT parentaccount="AStd::Income" name="Sonstiges" id="A000053" lastmodified="" institution="" number="" lastreconciled="" opened="1900-01-01" currency="EUR" type="12" description=""/>
  <ACCOUNT parentaccount="AStd::Income" name="Zinsen" id="A000054" lastmodified="" institution="" number="" lastreconciled="" opened="1900-01-01" currency="EUR" type="12" description="">
   <SUBACCOUNTS>
    <SUBACCOUNT id="A000055"/>
    <SUBACCOUNT id="A000056"/>
    <SUBACCOUNT id="A000057"/>
   </SUBACCOUNTS>
  </ACCOUNT>
  <ACCOUNT parentaccount="A000054" name="Girokonto" id="A000055" lastmodified="" institution="" number="" lastreconciled="" opened="1900-01-01" currency="EUR" type="12" description=""/>
  <ACCOUNT parentaccount="A000054" name="Sonstige" id="A000056" lastmodified="" institution="" number="" lastreconciled="" opened="1900-01-01" currency="EUR" type="12" description=""/>
  <ACCOUNT parentaccount="A000054" name="Sparkonto" id="A000057" lastmodified="" institution="" number="" lastreconciled="" opened="1900-01-01" currency="EUR" type="12" description=""/>
  <ACCOUNT parentaccount="AStd::Liability" name="Barverbindlichkeiten" id="A000058" lastmodified="" institution="" number="" lastreconciled="" opened="2023-10-14" currency="EUR" type="10" description="">
   <SUBACCOUNTS>
    <SUBACCOUNT id="A000059"/>
   </SUBACCOUNTS>
  </ACCOUNT>
  <ACCOUNT parentaccount="A000058" name="Kreditkarte" id="A000059" lastmodified="" institution="" number="" lastreconciled="" opened="2023-10-14" currency="EUR" type="4" description=""/>
 </ACCOUNTS>
 <TRANSACTIONS count="2">
  <TRANSACTION commodity="EUR" id="T000000000000000001" memo="" entrydate="2023-10-14" postdate="2023-01-03">
   <SPLITS>
    <SPLIT value="1000/1" price="1/1" bankid="" id="S0001" action="" number="" memo="" payee="P000002" shares="1000/1" account="A000001" reconcileflag="0" reconciledate=""/>
    <SPLIT value="-1000/1" price="1/1" bankid="" id="S0002" action="" number="" memo="" payee="P000002" shares="-1000/1" account="A000050" reconcileflag="0" reconciledate=""/>
   </SPLITS>
  </TRANSACTION>
  <TRANSACTION commodity="EUR" id="T000000000000000002" memo="" entrydate="2023-10-14" postdate="2023-10-14">
   <SPLITS>
    <SPLIT value="-150/1" price="1/1" bankid="" id="S0001" action="" number="" memo="My memo" payee="P000003" shares="-150/1" account="A000003" reconcileflag="0" reconciledate=""/>
    <SPLIT value="150/1" price="1/1" bankid="" id="S0002" action="" number="" memo="My memo" payee="P000003" shares="150/1" account="A000001" reconcileflag="0" reconciledate=""/>
   </SPLITS>
  </TRANSACTION>
 </TRANSACTIONS>
 <KEYVALUEPAIRS>
  <PAIR value="EUR" key="kmm-baseCurrency"/>
  <PAIR value="{1f7ec5d2-f982-48eb-9ae3-22095e2362ee}" key="kmm-id"/>
 </KEYVALUEPAIRS>
 <SCHEDULES count="0"/>
 <SECURITIES count="0"/>
 <CURRENCIES count="1">
  <CURRENCY saf="100" name="Euro" pp="4" id="EUR" scf="100" symbol="€" rounding-method="7" type="3"/>
 </CURRENCIES>
 <PRICES count="0"/>
 <REPORTS count="0"/>
 <BUDGETS count="0"/>
 <ONLINEJOBS count="0"/>
</KMYMONEY-FILE>
