<?xml version="1.0" encoding="utf-8"?>
<!DOCTYPE KMYMONEY-FILE>
<KMYMONEY-FILE>
 <FILEINFO>
  <CREATION_DATE date="2023-10-14"/>
  <LAST_MODIFIED_DATE date="2024-04-24"/>
  <VERSION id="1"/>
  <FIXVERSION id="5"/>
 </FILEINFO>
 <USER email="" name="John Doe">
  <ADDRESS street="" telephone="" zipcode="" county="" city=""/>
 </USER>
 <INSTITUTIONS count="2">
  <INSTITUTION sortcode="" manager="" id="I000001" name="RaiBa">
   <ADDRESS street="" zip="" telephone="" city=""/>
   <ACCOUNTIDS>
    <ACCOUNTID id="A000004"/>
    <ACCOUNTID id="A000005"/>
    <ACCOUNTID id="A000062"/>
   </ACCOUNTIDS>
   <KEYVALUEPAIRS>
    <PAIR key="bic" value=""/>
    <PAIR key="url" value=""/>
   </KEYVALUEPAIRS>
  </INSTITUTION>
  <INSTITUTION sortcode="+2 - 33 - 3452" manager="" id="I000002" name="My Gibberish Bank">
   <ADDRESS street="Gibby St" zip="E23Q452" telephone="+1 - 44 - 1234" city="Gibbon City"/>
   <ACCOUNTIDS/>
   <KEYVALUEPAIRS>
    <PAIR key="bic" value="TMBQBHDGXXX"/>
    <PAIR key="url" value="gibberish.com"/>
   </KEYVALUEPAIRS>
  </INSTITUTION>
 </INSTITUTIONS>
 <PAYEES count="9">
  <PAYEE matchingenabled="0" reference="" email="" id="P000001" name="Eingang">
   <ADDRESS state="" street="" postcode="" telephone="" city=""/>
  </PAYEE>
  <PAYEE matchingenabled="0" reference="" email="" id="P000002" name="Gehalt">
   <ADDRESS state="" street="" postcode="" telephone="" city=""/>
  </PAYEE>
  <PAYEE matchingenabled="0" reference="" email="" id="P000003" name="Geldautomat">
   <ADDRESS state="" street="" postcode="" telephone="" city=""/>
  </PAYEE>
  <PAYEE matchingenabled="0" reference="" email="" id="P000004" name="Eröffnungssaldo">
   <ADDRESS state="" street="" postcode="" telephone="" city=""/>
  </PAYEE>
  <PAYEE matchingenabled="0" reference="" email="fuerchtegott.schnorzelmoeller@prater.at" notes="Pezi-Bär von der Urania kennt ihn gut" id="P000005" name="Fürchtegott Schnorzelmöller">
   <ADDRESS state="Österreich" street="Krailbacher Gasse 123 a&#xa;Postfach ABC&#xa;Kennwort Kasperlpost" postcode="1136" telephone="+43 - 12 - 277278279" city="Wien"/>
  </PAYEE>
  <PAYEE matchingenabled="0" reference="" email="" id="P000006" name="Unfug &amp; Quatsch">
   <ADDRESS state="" street="" postcode="" telephone="" city=""/>
  </PAYEE>
  <PAYEE matchingenabled="0" reference="" email="" id="P000007" name="Vermietomat GmbH">
   <ADDRESS state="" street="" postcode="" telephone="" city=""/>
  </PAYEE>
  <PAYEE matchingenabled="0" reference="" email="" id="P000008" name="Haushaltsgeld">
   <ADDRESS state="" street="" postcode="" telephone="" city=""/>
  </PAYEE>
  <PAYEE usingmatchkey="1" matchkey="Kiosk Sesamstrasse" matchingenabled="1" reference="" email="" id="P000009" name="Hubers Laden" matchignorecase="1">
   <ADDRESS state="" street="" postcode="" telephone="" city=""/>
  </PAYEE>
 </PAYEES>
 <COSTCENTERS count="0"/>
 <TAGS count="0"/>
 <ACCOUNTS count="76">
  <ACCOUNT lastreconciled="" type="9" lastmodified="" currency="EUR" number="" parentaccount="" opened="" id="AStd::Asset" name="Asset" description="" institution="">
   <SUBACCOUNTS>
    <SUBACCOUNT id="A000002"/>
    <SUBACCOUNT id="A000061"/>
   </SUBACCOUNTS>
  </ACCOUNT>
  <ACCOUNT lastreconciled="" type="10" lastmodified="" currency="EUR" number="" parentaccount="" opened="" id="AStd::Liability" name="Liability" description="" institution="">
   <SUBACCOUNTS>
    <SUBACCOUNT id="A000058"/>
   </SUBACCOUNTS>
  </ACCOUNT>
  <ACCOUNT lastreconciled="" type="13" lastmodified="" currency="EUR" number="" parentaccount="" opened="" id="AStd::Expense" name="Expense" description="" institution="">
   <SUBACCOUNTS>
    <SUBACCOUNT id="A000006"/>
    <SUBACCOUNT id="A000011"/>
    <SUBACCOUNT id="A000012"/>
    <SUBACCOUNT id="A000014"/>
    <SUBACCOUNT id="A000015"/>
    <SUBACCOUNT id="A000016"/>
    <SUBACCOUNT id="A000017"/>
    <SUBACCOUNT id="A000018"/>
    <SUBACCOUNT id="A000019"/>
    <SUBACCOUNT id="A000022"/>
    <SUBACCOUNT id="A000023"/>
    <SUBACCOUNT id="A000030"/>
    <SUBACCOUNT id="A000034"/>
    <SUBACCOUNT id="A000039"/>
    <SUBACCOUNT id="A000042"/>
    <SUBACCOUNT id="A000072"/>
   </SUBACCOUNTS>
  </ACCOUNT>
  <ACCOUNT lastreconciled="" type="12" lastmodified="" currency="EUR" number="" parentaccount="" opened="" id="AStd::Income" name="Income" description="" institution="">
   <SUBACCOUNTS>
    <SUBACCOUNT id="A000049"/>
    <SUBACCOUNT id="A000052"/>
    <SUBACCOUNT id="A000053"/>
    <SUBACCOUNT id="A000068"/>
   </SUBACCOUNTS>
  </ACCOUNT>
  <ACCOUNT lastreconciled="" type="16" lastmodified="" currency="EUR" number="" parentaccount="" opened="" id="AStd::Equity" name="Equity" description="" institution=""/>
  <ACCOUNT lastreconciled="" type="9" lastmodified="" currency="EUR" number="" parentaccount="AStd::Asset" opened="2023-10-14" id="A000002" name="Barvermögen" description="" institution="">
   <SUBACCOUNTS>
    <SUBACCOUNT id="A000003"/>
    <SUBACCOUNT id="A000004"/>
    <SUBACCOUNT id="A000005"/>
   </SUBACCOUNTS>
  </ACCOUNT>
  <ACCOUNT lastreconciled="" type="3" lastmodified="2023-12-09" currency="EUR" number="" parentaccount="A000002" opened="2023-10-14" id="A000003" name="Bargeld" description="" institution="">
   <SUBACCOUNTS>
    <SUBACCOUNT id="A000065"/>
    <SUBACCOUNT id="A000066"/>
   </SUBACCOUNTS>
  </ACCOUNT>
  <ACCOUNT lastreconciled="" type="1" lastmodified="2023-12-09" currency="EUR" number="" parentaccount="A000002" opened="2023-01-01" id="A000004" name="Giro RaiBa" description="Girokonto 1" institution="I000001">
   <KEYVALUEPAIRS>
    <PAIR key="lastNumberUsed" value="1"/>
   </KEYVALUEPAIRS>
  </ACCOUNT>
  <ACCOUNT lastreconciled="" type="1" lastmodified="" currency="EUR" number="" parentaccount="A000002" opened="2023-10-14" id="A000005" name="Spar RaiBa" description="" institution="I000001"/>
  <ACCOUNT lastreconciled="" type="13" lastmodified="" currency="EUR" number="" parentaccount="AStd::Expense" opened="1900-01-01" id="A000006" name="Bildung" description="" institution="">
   <SUBACCOUNTS>
    <SUBACCOUNT id="A000007"/>
    <SUBACCOUNT id="A000008"/>
    <SUBACCOUNT id="A000009"/>
    <SUBACCOUNT id="A000010"/>
   </SUBACCOUNTS>
  </ACCOUNT>
  <ACCOUNT lastreconciled="" type="13" lastmodified="" currency="EUR" number="" parentaccount="A000006" opened="1900-01-01" id="A000007" name="Abonnements" description="" institution=""/>
  <ACCOUNT lastreconciled="" type="13" lastmodified="" currency="EUR" number="" parentaccount="A000006" opened="1900-01-01" id="A000008" name="Bücher" description="" institution=""/>
  <ACCOUNT lastreconciled="" type="13" lastmodified="" currency="EUR" number="" parentaccount="A000006" opened="1900-01-01" id="A000009" name="Büroartikel" description="" institution=""/>
  <ACCOUNT lastreconciled="" type="13" lastmodified="" currency="EUR" number="" parentaccount="A000006" opened="1900-01-01" id="A000010" name="Zeitungen" description="" institution=""/>
  <ACCOUNT lastreconciled="" type="13" lastmodified="" currency="EUR" number="" parentaccount="AStd::Expense" opened="1900-01-01" id="A000011" name="Computer" description="" institution=""/>
  <ACCOUNT lastreconciled="" type="13" lastmodified="" currency="EUR" number="" parentaccount="AStd::Expense" opened="1900-01-01" id="A000012" name="Fahrtkosten" description="" institution="">
   <SUBACCOUNTS>
    <SUBACCOUNT id="A000013"/>
   </SUBACCOUNTS>
  </ACCOUNT>
  <ACCOUNT lastreconciled="" type="13" lastmodified="" currency="EUR" number="" parentaccount="A000012" opened="1900-01-01" id="A000013" name="Fahrkarten" description="" institution=""/>
  <ACCOUNT lastreconciled="" type="13" lastmodified="" currency="EUR" number="" parentaccount="AStd::Expense" opened="1900-01-01" id="A000014" name="Geschenke" description="" institution=""/>
  <ACCOUNT lastreconciled="" type="13" lastmodified="" currency="EUR" number="" parentaccount="AStd::Expense" opened="1900-01-01" id="A000015" name="Hobbies" description="" institution=""/>
  <ACCOUNT lastreconciled="" type="13" lastmodified="" currency="EUR" number="" parentaccount="AStd::Expense" opened="1900-01-01" id="A000016" name="Kleidung" description="" institution=""/>
  <ACCOUNT lastreconciled="" type="13" lastmodified="" currency="EUR" number="" parentaccount="AStd::Expense" opened="1900-01-01" id="A000017" name="Lebensmittel" description="" institution=""/>
  <ACCOUNT lastreconciled="" type="13" lastmodified="" currency="EUR" number="" parentaccount="AStd::Expense" opened="1900-01-01" id="A000018" name="Medikamente" description="" institution=""/>
  <ACCOUNT lastreconciled="" type="13" lastmodified="" currency="EUR" number="" parentaccount="AStd::Expense" opened="1900-01-01" id="A000019" name="Sonstiges" description="" institution="">
   <SUBACCOUNTS>
    <SUBACCOUNT id="A000020"/>
    <SUBACCOUNT id="A000021"/>
   </SUBACCOUNTS>
  </ACCOUNT>
  <ACCOUNT lastreconciled="" type="13" lastmodified="2023-11-03" currency="EUR" number="" parentaccount="A000019" opened="1900-01-01" id="A000020" name="Bankgebühren" description="" institution=""/>
  <ACCOUNT lastreconciled="" type="13" lastmodified="" currency="EUR" number="" parentaccount="A000019" opened="1900-01-01" id="A000021" name="Sonstiges" description="" institution=""/>
  <ACCOUNT lastreconciled="" type="13" lastmodified="" currency="EUR" number="" parentaccount="AStd::Expense" opened="1900-01-01" id="A000022" name="Spenden" description="" institution=""/>
  <ACCOUNT lastreconciled="" type="13" lastmodified="" currency="EUR" number="" parentaccount="AStd::Expense" opened="1900-01-01" id="A000023" name="Steuern" description="" institution="">
   <SUBACCOUNTS>
    <SUBACCOUNT id="A000024"/>
    <SUBACCOUNT id="A000025"/>
    <SUBACCOUNT id="A000026"/>
    <SUBACCOUNT id="A000027"/>
    <SUBACCOUNT id="A000028"/>
    <SUBACCOUNT id="A000029"/>
    <SUBACCOUNT id="A000067"/>
   </SUBACCOUNTS>
  </ACCOUNT>
  <ACCOUNT lastreconciled="" type="13" lastmodified="" currency="EUR" number="" parentaccount="A000023" opened="1900-01-01" id="A000024" name="Einkommensteuer" description="" institution=""/>
  <ACCOUNT lastreconciled="" type="13" lastmodified="" currency="EUR" number="" parentaccount="A000023" opened="1900-01-01" id="A000025" name="Pflegeversicherung" description="" institution=""/>
  <ACCOUNT lastreconciled="" type="13" lastmodified="" currency="EUR" number="" parentaccount="A000023" opened="1900-01-01" id="A000026" name="Rentenversicherung" description="" institution=""/>
  <ACCOUNT lastreconciled="" type="13" lastmodified="" currency="EUR" number="" parentaccount="A000023" opened="1900-01-01" id="A000027" name="Solidaritätszuschlag" description="" institution=""/>
  <ACCOUNT lastreconciled="" type="13" lastmodified="" currency="EUR" number="" parentaccount="A000023" opened="1900-01-01" id="A000028" name="Sonstige" description="" institution=""/>
  <ACCOUNT lastreconciled="" type="13" lastmodified="" currency="EUR" number="" parentaccount="A000023" opened="1900-01-01" id="A000029" name="Sozialabgaben" description="" institution=""/>
  <ACCOUNT lastreconciled="" type="13" lastmodified="" currency="EUR" number="" parentaccount="AStd::Expense" opened="1900-01-01" id="A000030" name="Telekommunikation" description="" institution="">
   <SUBACCOUNTS>
    <SUBACCOUNT id="A000031"/>
    <SUBACCOUNT id="A000032"/>
    <SUBACCOUNT id="A000033"/>
   </SUBACCOUNTS>
  </ACCOUNT>
  <ACCOUNT lastreconciled="" type="13" lastmodified="" currency="EUR" number="" parentaccount="A000030" opened="1900-01-01" id="A000031" name="Fernsehen" description="" institution=""/>
  <ACCOUNT lastreconciled="" type="13" lastmodified="" currency="EUR" number="" parentaccount="A000030" opened="1900-01-01" id="A000032" name="Online-Dienste" description="" institution=""/>
  <ACCOUNT lastreconciled="" type="13" lastmodified="" currency="EUR" number="" parentaccount="A000030" opened="1900-01-01" id="A000033" name="Telefon" description="" institution=""/>
  <ACCOUNT lastreconciled="" type="13" lastmodified="" currency="EUR" number="" parentaccount="AStd::Expense" opened="1900-01-01" id="A000034" name="Unterhaltung" description="" institution="">
   <SUBACCOUNTS>
    <SUBACCOUNT id="A000035"/>
    <SUBACCOUNT id="A000036"/>
    <SUBACCOUNT id="A000037"/>
    <SUBACCOUNT id="A000038"/>
   </SUBACCOUNTS>
  </ACCOUNT>
  <ACCOUNT lastreconciled="" type="13" lastmodified="" currency="EUR" number="" parentaccount="A000034" opened="1900-01-01" id="A000035" name="Ausgehen" description="" institution=""/>
  <ACCOUNT lastreconciled="" type="13" lastmodified="" currency="EUR" number="" parentaccount="A000034" opened="1900-01-01" id="A000036" name="Musik/Kino" description="" institution=""/>
  <ACCOUNT lastreconciled="" type="13" lastmodified="" currency="EUR" number="" parentaccount="A000034" opened="1900-01-01" id="A000037" name="Reisen" description="" institution=""/>
  <ACCOUNT lastreconciled="" type="13" lastmodified="" currency="EUR" number="" parentaccount="A000034" opened="1900-01-01" id="A000038" name="Sport" description="" institution=""/>
  <ACCOUNT lastreconciled="" type="13" lastmodified="" currency="EUR" number="" parentaccount="AStd::Expense" opened="1900-01-01" id="A000039" name="Versicherungen" description="" institution="">
   <SUBACCOUNTS>
    <SUBACCOUNT id="A000040"/>
    <SUBACCOUNT id="A000041"/>
   </SUBACCOUNTS>
  </ACCOUNT>
  <ACCOUNT lastreconciled="" type="13" lastmodified="" currency="EUR" number="" parentaccount="A000039" opened="1900-01-01" id="A000040" name="Haftpflicht" description="" institution=""/>
  <ACCOUNT lastreconciled="" type="13" lastmodified="" currency="EUR" number="" parentaccount="A000039" opened="1900-01-01" id="A000041" name="Krankenversicherung" description="" institution=""/>
  <ACCOUNT lastreconciled="" type="13" lastmodified="" currency="EUR" number="" parentaccount="AStd::Expense" opened="1900-01-01" id="A000042" name="Wohnen" description="" institution="">
   <SUBACCOUNTS>
    <SUBACCOUNT id="A000043"/>
    <SUBACCOUNT id="A000044"/>
   </SUBACCOUNTS>
  </ACCOUNT>
  <ACCOUNT lastreconciled="" type="13" lastmodified="2023-12-09" currency="EUR" number="" parentaccount="A000042" opened="1900-01-01" id="A000043" name="Miete" description="" institution=""/>
  <ACCOUNT lastreconciled="" type="13" lastmodified="" currency="EUR" number="" parentaccount="A000042" opened="1900-01-01" id="A000044" name="Nebenkosten" description="" institution="">
   <SUBACCOUNTS>
    <SUBACCOUNT id="A000045"/>
    <SUBACCOUNT id="A000046"/>
    <SUBACCOUNT id="A000047"/>
    <SUBACCOUNT id="A000048"/>
   </SUBACCOUNTS>
  </ACCOUNT>
  <ACCOUNT lastreconciled="" type="13" lastmodified="" currency="EUR" number="" parentaccount="A000044" opened="1900-01-01" id="A000045" name="Abfall" description="" institution=""/>
  <ACCOUNT lastreconciled="" type="13" lastmodified="" currency="EUR" number="" parentaccount="A000044" opened="1900-01-01" id="A000046" name="Gas" description="" institution=""/>
  <ACCOUNT lastreconciled="" type="13" lastmodified="" currency="EUR" number="" parentaccount="A000044" opened="1900-01-01" id="A000047" name="Strom" description="" institution=""/>
  <ACCOUNT lastreconciled="" type="13" lastmodified="" currency="EUR" number="" parentaccount="A000044" opened="1900-01-01" id="A000048" name="Wasser" description="" institution=""/>
  <ACCOUNT lastreconciled="" type="12" lastmodified="" currency="EUR" number="" parentaccount="AStd::Income" opened="1900-01-01" id="A000049" name="Gehalt" description="" institution="">
   <SUBACCOUNTS>
    <SUBACCOUNT id="A000050"/>
    <SUBACCOUNT id="A000051"/>
   </SUBACCOUNTS>
  </ACCOUNT>
  <ACCOUNT lastreconciled="" type="12" lastmodified="2023-12-09" currency="EUR" number="" parentaccount="A000049" opened="1900-01-01" id="A000050" name="Gehalt" description="" institution=""/>
  <ACCOUNT lastreconciled="" type="12" lastmodified="2023-12-09" currency="EUR" number="" parentaccount="A000049" opened="1900-01-01" id="A000051" name="Zulagen" description="" institution=""/>
  <ACCOUNT lastreconciled="" type="12" lastmodified="" currency="EUR" number="" parentaccount="AStd::Income" opened="1900-01-01" id="A000052" name="Geschenke" description="" institution=""/>
  <ACCOUNT lastreconciled="" type="12" lastmodified="2023-11-03" currency="EUR" number="" parentaccount="AStd::Income" opened="1900-01-01" id="A000053" name="Sonstiges" description="" institution=""/>
  <ACCOUNT lastreconciled="" type="12" lastmodified="" currency="EUR" number="" parentaccount="A000068" opened="1900-01-01" id="A000054" name="Zinsen" description="" institution="">
   <SUBACCOUNTS>
    <SUBACCOUNT id="A000055"/>
    <SUBACCOUNT id="A000056"/>
    <SUBACCOUNT id="A000057"/>
   </SUBACCOUNTS>
  </ACCOUNT>
  <ACCOUNT lastreconciled="" type="12" lastmodified="" currency="EUR" number="" parentaccount="A000054" opened="1900-01-01" id="A000055" name="Girokonto" description="" institution=""/>
  <ACCOUNT lastreconciled="" type="12" lastmodified="" currency="EUR" number="" parentaccount="A000054" opened="1900-01-01" id="A000056" name="Sonstige" description="" institution=""/>
  <ACCOUNT lastreconciled="" type="12" lastmodified="" currency="EUR" number="" parentaccount="A000054" opened="1900-01-01" id="A000057" name="Sparkonto" description="" institution=""/>
  <ACCOUNT lastreconciled="" type="10" lastmodified="" currency="EUR" number="" parentaccount="AStd::Liability" opened="2023-10-14" id="A000058" name="Barverbindlichkeiten" description="" institution="">
   <SUBACCOUNTS>
    <SUBACCOUNT id="A000059"/>
   </SUBACCOUNTS>
  </ACCOUNT>
  <ACCOUNT lastreconciled="" type="4" lastmodified="" currency="EUR" number="" parentaccount="A000058" opened="2023-10-14" id="A000059" name="Kreditkarte" description="" institution=""/>
  <ACCOUNT lastreconciled="" type="9" lastmodified="" currency="EUR" number="" parentaccount="AStd::Asset" opened="2023-01-01" id="A000061" name="Finanzanlagen" description="" institution="">
   <SUBACCOUNTS>
    <SUBACCOUNT id="A000062"/>
   </SUBACCOUNTS>
   <KEYVALUEPAIRS>
    <PAIR key="iban" value=""/>
   </KEYVALUEPAIRS>
  </ACCOUNT>
  <ACCOUNT lastreconciled="" type="7" lastmodified="" currency="EUR" number="" parentaccount="A000061" opened="2023-01-01" id="A000062" name="Depot RaiBa" description="Aktiendepot 1" institution="I000001">
   <SUBACCOUNTS>
    <SUBACCOUNT id="A000063"/>
    <SUBACCOUNT id="A000064"/>
   </SUBACCOUNTS>
   <KEYVALUEPAIRS>
    <PAIR key="iban" value="DE01 1234 2345 3456 4567 99"/>
   </KEYVALUEPAIRS>
  </ACCOUNT>
  <ACCOUNT lastreconciled="" type="15" lastmodified="2023-11-03" currency="E000001" number="" parentaccount="A000062" opened="2023-11-03" id="A000063" name="DE0007164600 SAP" description="" institution=""/>
  <ACCOUNT lastreconciled="" type="15" lastmodified="2023-11-03" currency="E000002" number="" parentaccount="A000062" opened="2023-10-27" id="A000064" name="DE0007100000 Mercedes-Benz Group AG" description="" institution=""/>
  <ACCOUNT lastreconciled="" type="3" lastmodified="2023-12-09" currency="EUR" number="" parentaccount="A000003" opened="2023-01-01" id="A000065" name="Kasse Bodo" description="" institution="">
   <KEYVALUEPAIRS>
    <PAIR key="iban" value=""/>
   </KEYVALUEPAIRS>
  </ACCOUNT>
  <ACCOUNT lastreconciled="" type="3" lastmodified="2023-12-09" currency="EUR" number="" parentaccount="A000003" opened="2023-01-01" id="A000066" name="Kasse Ada" description="" institution="">
   <KEYVALUEPAIRS>
    <PAIR key="iban" value=""/>
   </KEYVALUEPAIRS>
  </ACCOUNT>
  <ACCOUNT lastreconciled="" type="13" lastmodified="" currency="EUR" number="" parentaccount="A000023" opened="1900-01-01" id="A000067" name="Kapitalertrag" description="" institution=""/>
  <ACCOUNT lastreconciled="" type="12" lastmodified="" currency="EUR" number="" parentaccount="AStd::Income" opened="1900-01-01" id="A000068" name="Kapitalerträge" description="" institution="">
   <SUBACCOUNTS>
    <SUBACCOUNT id="A000054"/>
    <SUBACCOUNT id="A000069"/>
   </SUBACCOUNTS>
  </ACCOUNT>
  <ACCOUNT lastreconciled="" type="12" lastmodified="" currency="EUR" number="" parentaccount="A000068" opened="1900-01-01" id="A000069" name="Dividende" description="" institution="">
   <SUBACCOUNTS>
    <SUBACCOUNT id="A000070"/>
    <SUBACCOUNT id="A000071"/>
   </SUBACCOUNTS>
  </ACCOUNT>
  <ACCOUNT lastreconciled="" type="12" lastmodified="" currency="EUR" number="" parentaccount="A000069" opened="1900-01-01" id="A000070" name="Inland" description="" institution=""/>
  <ACCOUNT lastreconciled="" type="12" lastmodified="" currency="EUR" number="" parentaccount="A000069" opened="1900-01-01" id="A000071" name="Ausland" description="" institution=""/>
  <ACCOUNT lastreconciled="" type="13" lastmodified="" currency="EUR" number="" parentaccount="AStd::Expense" opened="1900-01-01" id="A000072" name="Bank" description="" institution="">
   <SUBACCOUNTS>
    <SUBACCOUNT id="A000073"/>
   </SUBACCOUNTS>
  </ACCOUNT>
  <ACCOUNT lastreconciled="" type="13" lastmodified="" currency="EUR" number="" parentaccount="A000072" opened="1900-01-01" id="A000073" name="Provision" description="" institution=""/>
 </ACCOUNTS>
 <TRANSACTIONS count="18">
  <TRANSACTION commodity="EUR" entrydate="2023-11-03" postdate="2023-01-01" memo="" id="T000000000000000001">
   <SPLITS>
    <SPLIT reconciledate="" account="A000004" shares="10000/1" payee="P000004" bankid="" action="" price="1/1" memo="" number="" value="10000/1" id="S0001" reconcileflag="0"/>
    <SPLIT reconciledate="" account="A000053" shares="-10000/1" payee="P000004" bankid="" action="" price="1/1" memo="" number="" value="-10000/1" id="S0002" reconcileflag="0"/>
   </SPLITS>
  </TRANSACTION>
  <TRANSACTION commodity="EUR" entrydate="2023-10-14" postdate="2023-01-03" memo="" id="T000000000000000002">
   <SPLITS>
    <SPLIT reconciledate="" account="A000004" shares="1000/1" payee="P000006" bankid="" action="" price="1/1" memo="Unfug und Quatsch GmbH Gehalt" number="" value="1000/1" id="S0001" reconcileflag="0"/>
    <SPLIT reconciledate="" account="A000050" shares="-1000/1" payee="P000006" bankid="" action="" price="1/1" memo="Unfug und Quatsch GmbH Gehalt" number="" value="-1000/1" id="S0002" reconcileflag="0"/>
   </SPLITS>
  </TRANSACTION>
  <TRANSACTION commodity="EUR" entrydate="2023-12-09" postdate="2023-01-04" memo="" id="T000000000000000003">
   <SPLITS>
    <SPLIT reconciledate="" account="A000004" shares="-150/1" payee="P000007" bankid="" action="" price="1/1" memo="" number="" value="-150/1" id="S0001" reconcileflag="0"/>
    <SPLIT reconciledate="" account="A000043" shares="150/1" payee="P000007" bankid="" action="" price="1/1" memo="" number="" value="150/1" id="S0002" reconcileflag="0"/>
   </SPLITS>
  </TRANSACTION>
  <TRANSACTION commodity="EUR" entrydate="2023-12-09" postdate="2023-02-03" memo="" id="T000000000000000004">
   <SPLITS>
    <SPLIT reconciledate="" account="A000004" shares="1000/1" payee="P000006" bankid="" action="" price="1/1" memo="" number="" value="1000/1" id="S0001" reconcileflag="0"/>
    <SPLIT reconciledate="" account="A000050" shares="-1000/1" payee="P000006" bankid="" action="" price="1/1" memo="" number="" value="-1000/1" id="S0002" reconcileflag="0"/>
   </SPLITS>
  </TRANSACTION>
  <TRANSACTION commodity="EUR" entrydate="2023-12-09" postdate="2023-02-04" memo="" id="T000000000000000005">
   <SPLITS>
    <SPLIT reconciledate="" account="A000004" shares="-150/1" payee="P000007" bankid="" action="" price="1/1" memo="" number="" value="-150/1" id="S0001" reconcileflag="0"/>
    <SPLIT reconciledate="" account="A000043" shares="150/1" payee="P000007" bankid="" action="" price="1/1" memo="" number="" value="150/1" id="S0002" reconcileflag="0"/>
   </SPLITS>
  </TRANSACTION>
  <TRANSACTION commodity="EUR" entrydate="2023-12-09" postdate="2023-03-03" memo="" id="T000000000000000006">
   <SPLITS>
    <SPLIT reconciledate="" account="A000004" shares="1000/1" payee="P000006" bankid="" action="" price="1/1" memo="" number="" value="1000/1" id="S0001" reconcileflag="0"/>
    <SPLIT reconciledate="" account="A000050" shares="-1000/1" payee="P000006" bankid="" action="" price="1/1" memo="" number="" value="-1000/1" id="S0002" reconcileflag="0"/>
   </SPLITS>
  </TRANSACTION>
  <TRANSACTION commodity="EUR" entrydate="2023-12-09" postdate="2023-03-04" memo="" id="T000000000000000007">
   <SPLITS>
    <SPLIT reconciledate="" account="A000004" shares="-150/1" payee="P000007" bankid="" action="" price="1/1" memo="" number="" value="-150/1" id="S0001" reconcileflag="0"/>
    <SPLIT reconciledate="" account="A000043" shares="150/1" payee="P000007" bankid="" action="" price="1/1" memo="" number="" value="150/1" id="S0002" reconcileflag="0"/>
   </SPLITS>
  </TRANSACTION>
  <TRANSACTION commodity="EUR" entrydate="2023-12-09" postdate="2023-04-03" memo="" id="T000000000000000008">
   <SPLITS>
    <SPLIT reconciledate="" account="A000004" shares="1000/1" payee="P000006" bankid="" action="" price="1/1" memo="" number="" value="1000/1" id="S0001" reconcileflag="0"/>
    <SPLIT reconciledate="" account="A000050" shares="-1000/1" payee="P000006" bankid="" action="" price="1/1" memo="" number="" value="-1000/1" id="S0002" reconcileflag="0"/>
   </SPLITS>
  </TRANSACTION>
  <TRANSACTION commodity="EUR" entrydate="2023-12-09" postdate="2023-04-04" memo="" id="T000000000000000009">
   <SPLITS>
    <SPLIT reconciledate="" account="A000004" shares="-150/1" payee="P000007" bankid="" action="" price="1/1" memo="" number="" value="-150/1" id="S0001" reconcileflag="0"/>
    <SPLIT reconciledate="" account="A000043" shares="150/1" payee="P000007" bankid="" action="" price="1/1" memo="" number="" value="150/1" id="S0002" reconcileflag="0"/>
   </SPLITS>
  </TRANSACTION>
  <TRANSACTION commodity="EUR" entrydate="2023-12-09" postdate="2023-05-03" memo="" id="T000000000000000010">
   <SPLITS>
    <SPLIT reconciledate="" account="A000004" shares="1000/1" payee="P000006" bankid="" action="" price="1/1" memo="" number="" value="1000/1" id="S0001" reconcileflag="0"/>
    <SPLIT reconciledate="" account="A000050" shares="-1000/1" payee="P000006" bankid="" action="" price="1/1" memo="" number="" value="-1000/1" id="S0002" reconcileflag="0"/>
   </SPLITS>
  </TRANSACTION>
  <TRANSACTION commodity="EUR" entrydate="2023-12-09" postdate="2023-05-04" memo="" id="T000000000000000011">
   <SPLITS>
    <SPLIT reconciledate="" account="A000004" shares="-150/1" payee="P000007" bankid="" action="" price="1/1" memo="" number="" value="-150/1" id="S0001" reconcileflag="0"/>
    <SPLIT reconciledate="" account="A000043" shares="150/1" payee="P000007" bankid="" action="" price="1/1" memo="" number="" value="150/1" id="S0002" reconcileflag="0"/>
   </SPLITS>
  </TRANSACTION>
  <TRANSACTION commodity="EUR" entrydate="2023-12-09" postdate="2023-06-03" memo="" id="T000000000000000012">
   <SPLITS>
    <SPLIT reconciledate="" account="A000004" shares="1000/1" payee="P000006" bankid="" action="" price="1/1" memo="" number="" value="1000/1" id="S0001" reconcileflag="0"/>
    <SPLIT reconciledate="" account="A000050" shares="-1000/1" payee="P000006" bankid="" action="" price="1/1" memo="" number="" value="-1000/1" id="S0002" reconcileflag="0"/>
   </SPLITS>
  </TRANSACTION>
  <TRANSACTION commodity="EUR" entrydate="2023-12-09" postdate="2023-06-03" memo="" id="T000000000000000013">
   <SPLITS>
    <SPLIT reconciledate="" account="A000004" shares="500/1" payee="P000006" bankid="" action="" price="1/1" memo="Prämie" number="" value="500/1" id="S0001" reconcileflag="0"/>
    <SPLIT reconciledate="" account="A000051" shares="-500/1" payee="P000006" bankid="" action="" price="1/1" memo="Prämie" number="" value="-500/1" id="S0002" reconcileflag="0"/>
   </SPLITS>
  </TRANSACTION>
  <TRANSACTION commodity="EUR" entrydate="2023-12-09" postdate="2023-06-04" memo="" id="T000000000000000014">
   <SPLITS>
    <SPLIT reconciledate="" account="A000004" shares="-150/1" payee="P000007" bankid="" action="" price="1/1" memo="" number="" value="-150/1" id="S0001" reconcileflag="0"/>
    <SPLIT reconciledate="" account="A000043" shares="150/1" payee="P000007" bankid="" action="" price="1/1" memo="" number="" value="150/1" id="S0002" reconcileflag="0"/>
   </SPLITS>
  </TRANSACTION>
  <TRANSACTION commodity="EUR" entrydate="2023-10-14" postdate="2023-10-14" memo="" id="T000000000000000015">
   <SPLITS>
    <SPLIT reconciledate="" account="A000004" shares="-150/1" payee="P000003" bankid="" action="" price="1/1" memo="Bargeldauszahlung" number="" value="-150/1" id="S0001" reconcileflag="0"/>
    <SPLIT reconciledate="" account="A000065" shares="150/1" payee="P000003" bankid="" action="" price="1/1" memo="Bargeldauszahlung" number="" value="150/1" id="S0002" reconcileflag="0"/>
   </SPLITS>
  </TRANSACTION>
  <TRANSACTION commodity="EUR" entrydate="2023-12-09" postdate="2023-10-14" memo="" id="T000000000000000016">
   <SPLITS>
    <SPLIT reconciledate="" account="A000065" shares="-95/1" payee="P000008" bankid="" action="" price="1/1" memo="" number="" value="-95/1" id="S0001" reconcileflag="0"/>
    <SPLIT reconciledate="" account="A000066" shares="95/1" payee="P000008" bankid="" action="" price="1/1" memo="" number="" value="95/1" id="S0002" reconcileflag="0"/>
   </SPLITS>
  </TRANSACTION>
  <TRANSACTION commodity="EUR" entrydate="2023-11-03" postdate="2023-10-27" memo="" id="T000000000000000017">
   <SPLITS>
    <SPLIT reconciledate="" account="A000004" shares="-3931/2" payee="" bankid="" action="" price="1/1" memo="" number="" value="-3931/2" id="S0001" reconcileflag="0"/>
    <SPLIT reconciledate="" account="A000020" shares="21/2" payee="" bankid="" action="" price="1/1" memo="" number="" value="21/2" id="S0002" reconcileflag="0"/>
    <SPLIT reconciledate="" account="A000064" shares="17/1" payee="" bankid="" action="Buy" price="115/1" memo="" number="" value="1955/1" id="S0003" reconcileflag="0"/>
   </SPLITS>
  </TRANSACTION>
  <TRANSACTION commodity="EUR" entrydate="2023-11-03" postdate="2023-11-03" memo="" id="T000000000000000018">
   <SPLITS>
    <SPLIT reconciledate="" account="A000004" shares="-1810/1" payee="" bankid="" action="" price="1/1" memo="" number="" value="-1810/1" id="S0001" reconcileflag="0"/>
    <SPLIT reconciledate="" account="A000020" shares="10/1" payee="" bankid="" action="" price="1/1" memo="" number="" value="10/1" id="S0002" reconcileflag="0"/>
    <SPLIT reconciledate="" account="A000063" shares="15/1" payee="" bankid="" action="Buy" price="120/1" memo="" number="" value="1800/1" id="S0003" reconcileflag="0"/>
   </SPLITS>
  </TRANSACTION>
 </TRANSACTIONS>
 <KEYVALUEPAIRS>
  <PAIR key="kmm-baseCurrency" value="EUR"/>
  <PAIR key="kmm-id" value="{1f7ec5d2-f982-48eb-9ae3-22095e2362ee}"/>
 </KEYVALUEPAIRS>
 <SCHEDULES count="0"/>
 <SECURITIES count="2">
  <SECURITY rounding-method="7" saf="100" type="0" trading-currency="EUR" trading-market="XETRA" pp="2" id="E000001" name="SAP AG" symbol="SAP">
   <KEYVALUEPAIRS>
    <PAIR key="kmm-online-source" value="Finanztreff"/>
    <PAIR key="kmm-security-id" value="DE0007164600"/>
   </KEYVALUEPAIRS>
  </SECURITY>
  <SECURITY rounding-method="7" saf="100" type="0" trading-currency="EUR" trading-market="XETRA" pp="2" id="E000002" name="Mercedes-Benz Group AG" symbol="MBG">
   <KEYVALUEPAIRS>
    <PAIR key="kmm-security-id" value="DE0007100000"/>
   </KEYVALUEPAIRS>
  </SECURITY>
 </SECURITIES>
 <CURRENCIES count="2">
  <CURRENCY rounding-method="7" saf="100" type="3" scf="100" pp="4" id="EUR" name="Euro" symbol="€"/>
  <CURRENCY rounding-method="7" saf="100" type="3" scf="100" pp="4" id="USD" name="US Dollar" symbol="$"/>
 </CURRENCIES>
 <PRICES count="3">
  <PRICEPAIR to="EUR" from="E000001">
   <PRICE source="Transaction" price="120/1" date="2023-11-03"/>
   <PRICE source="User" price="239/2" date="2023-11-07"/>
  </PRICEPAIR>
  <PRICEPAIR to="EUR" from="E000002">
   <PRICE source="Transaction" price="115/1" date="2023-10-27"/>
   <PRICE source="User" price="233/2" date="2023-11-01"/>
  </PRICEPAIR>
  <PRICEPAIR to="EUR" from="USD">
   <PRICE source="User" price="23/25" date="2023-12-04"/>
  </PRICEPAIR>
 </PRICES>
 <REPORTS count="0"/>
 <BUDGETS count="0"/>
 <ONLINEJOBS count="0"/>
</KMYMONEY-FILE>
