<?xml version="1.0" encoding="utf-8"?>
<!DOCTYPE KMYMONEY-FILE>
<KMYMONEY-FILE>
 <FILEINFO>
  <CREATION_DATE date="2023-10-14"/>
  <LAST_MODIFIED_DATE date="2023-11-07"/>
  <VERSION id="1"/>
  <FIXVERSION id="5"/>
 </FILEINFO>
 <USER email="" name="John Doe">
  <ADDRESS street="" city="" county="" zipcode="" telephone=""/>
 </USER>
 <INSTITUTIONS count="1">
  <INSTITUTION manager="" sortcode="" name="RaiBa" id="I000001">
   <ADDRESS street="" zip="" city="" telephone=""/>
   <ACCOUNTIDS>
    <ACCOUNTID id="A000004"/>
    <ACCOUNTID id="A000005"/>
    <ACCOUNTID id="A000062"/>
   </ACCOUNTIDS>
   <KEYVALUEPAIRS>
    <PAIR key="bic" value=""/>
    <PAIR key="url" value=""/>
   </KEYVALUEPAIRS>
  </INSTITUTION>
 </INSTITUTIONS>
 <PAYEES count="5">
  <PAYEE email="" name="Eingang" matchingenabled="0" id="P000001" reference="">
   <ADDRESS street="" city="" state="" postcode="" telephone=""/>
  </PAYEE>
  <PAYEE email="" name="Gehalt" matchingenabled="0" id="P000002" reference="">
   <ADDRESS street="" city="" state="" postcode="" telephone=""/>
  </PAYEE>
  <PAYEE email="" name="Geldautomat" matchingenabled="0" id="P000003" reference="">
   <ADDRESS street="" city="" state="" postcode="" telephone=""/>
  </PAYEE>
  <PAYEE email="" name="Eröffnungssaldo" matchingenabled="0" id="P000004" reference="">
   <ADDRESS street="" city="" state="" postcode="" telephone=""/>
  </PAYEE>
  <PAYEE email="fuerchtegott.schnorzelmoeller@prater.at" name="Fürchtegott Schnorzelmöller" matchingenabled="0" id="P000005" reference="" notes="Pezi-Bär von der Urania kennt ihn gut">
   <ADDRESS street="Krailbacher Gasse 123 a&#xa;Postfach ABC&#xa;Kennwort Kasperlpost" city="Wien" state="Österreich" postcode="1136" telephone="+43 - 12 - 277278279"/>
  </PAYEE>
 </PAYEES>
 <COSTCENTERS count="0"/>
 <TAGS count="0"/>
 <ACCOUNTS count="67">
  <ACCOUNT number="" lastreconciled="" opened="" lastmodified="" type="9" name="Asset" currency="EUR" parentaccount="" id="AStd::Asset" description="" institution="">
   <SUBACCOUNTS>
    <SUBACCOUNT id="A000002"/>
    <SUBACCOUNT id="A000061"/>
   </SUBACCOUNTS>
  </ACCOUNT>
  <ACCOUNT number="" lastreconciled="" opened="" lastmodified="" type="10" name="Liability" currency="EUR" parentaccount="" id="AStd::Liability" description="" institution="">
   <SUBACCOUNTS>
    <SUBACCOUNT id="A000058"/>
   </SUBACCOUNTS>
  </ACCOUNT>
  <ACCOUNT number="" lastreconciled="" opened="" lastmodified="" type="13" name="Expense" currency="EUR" parentaccount="" id="AStd::Expense" description="" institution="">
   <SUBACCOUNTS>
    <SUBACCOUNT id="A000006"/>
    <SUBACCOUNT id="A000011"/>
    <SUBACCOUNT id="A000012"/>
    <SUBACCOUNT id="A000014"/>
    <SUBACCOUNT id="A000015"/>
    <SUBACCOUNT id="A000016"/>
    <SUBACCOUNT id="A000017"/>
    <SUBACCOUNT id="A000018"/>
    <SUBACCOUNT id="A000019"/>
    <SUBACCOUNT id="A000022"/>
    <SUBACCOUNT id="A000023"/>
    <SUBACCOUNT id="A000030"/>
    <SUBACCOUNT id="A000034"/>
    <SUBACCOUNT id="A000039"/>
    <SUBACCOUNT id="A000042"/>
   </SUBACCOUNTS>
  </ACCOUNT>
  <ACCOUNT number="" lastreconciled="" opened="" lastmodified="" type="12" name="Income" currency="EUR" parentaccount="" id="AStd::Income" description="" institution="">
   <SUBACCOUNTS>
    <SUBACCOUNT id="A000049"/>
    <SUBACCOUNT id="A000052"/>
    <SUBACCOUNT id="A000053"/>
    <SUBACCOUNT id="A000054"/>
   </SUBACCOUNTS>
  </ACCOUNT>
  <ACCOUNT number="" lastreconciled="" opened="" lastmodified="" type="16" name="Equity" currency="EUR" parentaccount="" id="AStd::Equity" description="" institution=""/>
  <ACCOUNT number="" lastreconciled="" opened="2023-10-14" lastmodified="" type="9" name="Barvermögen" currency="EUR" parentaccount="AStd::Asset" id="A000002" description="" institution="">
   <SUBACCOUNTS>
    <SUBACCOUNT id="A000003"/>
    <SUBACCOUNT id="A000004"/>
    <SUBACCOUNT id="A000005"/>
   </SUBACCOUNTS>
  </ACCOUNT>
  <ACCOUNT number="" lastreconciled="" opened="2023-10-14" lastmodified="2023-11-02" type="3" name="Bargeld" currency="EUR" parentaccount="A000002" id="A000003" description="" institution=""/>
  <ACCOUNT number="" lastreconciled="" opened="2023-01-01" lastmodified="2023-11-03" type="1" name="Giro RaiBa" currency="EUR" parentaccount="A000002" id="A000004" description="Girokonto 1" institution="I000001"/>
  <ACCOUNT number="" lastreconciled="" opened="2023-10-14" lastmodified="" type="1" name="Spar RaiBa" currency="EUR" parentaccount="A000002" id="A000005" description="" institution="I000001"/>
  <ACCOUNT number="" lastreconciled="" opened="1900-01-01" lastmodified="" type="13" name="Bildung" currency="EUR" parentaccount="AStd::Expense" id="A000006" description="" institution="">
   <SUBACCOUNTS>
    <SUBACCOUNT id="A000007"/>
    <SUBACCOUNT id="A000008"/>
    <SUBACCOUNT id="A000009"/>
    <SUBACCOUNT id="A000010"/>
   </SUBACCOUNTS>
  </ACCOUNT>
  <ACCOUNT number="" lastreconciled="" opened="1900-01-01" lastmodified="" type="13" name="Abonnements" currency="EUR" parentaccount="A000006" id="A000007" description="" institution=""/>
  <ACCOUNT number="" lastreconciled="" opened="1900-01-01" lastmodified="" type="13" name="Bücher" currency="EUR" parentaccount="A000006" id="A000008" description="" institution=""/>
  <ACCOUNT number="" lastreconciled="" opened="1900-01-01" lastmodified="" type="13" name="Büroartikel" currency="EUR" parentaccount="A000006" id="A000009" description="" institution=""/>
  <ACCOUNT number="" lastreconciled="" opened="1900-01-01" lastmodified="" type="13" name="Zeitungen" currency="EUR" parentaccount="A000006" id="A000010" description="" institution=""/>
  <ACCOUNT number="" lastreconciled="" opened="1900-01-01" lastmodified="" type="13" name="Computer" currency="EUR" parentaccount="AStd::Expense" id="A000011" description="" institution=""/>
  <ACCOUNT number="" lastreconciled="" opened="1900-01-01" lastmodified="" type="13" name="Fahrtkosten" currency="EUR" parentaccount="AStd::Expense" id="A000012" description="" institution="">
   <SUBACCOUNTS>
    <SUBACCOUNT id="A000013"/>
   </SUBACCOUNTS>
  </ACCOUNT>
  <ACCOUNT number="" lastreconciled="" opened="1900-01-01" lastmodified="" type="13" name="Fahrkarten" currency="EUR" parentaccount="A000012" id="A000013" description="" institution=""/>
  <ACCOUNT number="" lastreconciled="" opened="1900-01-01" lastmodified="" type="13" name="Geschenke" currency="EUR" parentaccount="AStd::Expense" id="A000014" description="" institution=""/>
  <ACCOUNT number="" lastreconciled="" opened="1900-01-01" lastmodified="" type="13" name="Hobbies" currency="EUR" parentaccount="AStd::Expense" id="A000015" description="" institution=""/>
  <ACCOUNT number="" lastreconciled="" opened="1900-01-01" lastmodified="" type="13" name="Kleidung" currency="EUR" parentaccount="AStd::Expense" id="A000016" description="" institution=""/>
  <ACCOUNT number="" lastreconciled="" opened="1900-01-01" lastmodified="" type="13" name="Lebensmittel" currency="EUR" parentaccount="AStd::Expense" id="A000017" description="" institution=""/>
  <ACCOUNT number="" lastreconciled="" opened="1900-01-01" lastmodified="" type="13" name="Medikamente" currency="EUR" parentaccount="AStd::Expense" id="A000018" description="" institution=""/>
  <ACCOUNT number="" lastreconciled="" opened="1900-01-01" lastmodified="" type="13" name="Sonstiges" currency="EUR" parentaccount="AStd::Expense" id="A000019" description="" institution="">
   <SUBACCOUNTS>
    <SUBACCOUNT id="A000020"/>
    <SUBACCOUNT id="A000021"/>
   </SUBACCOUNTS>
  </ACCOUNT>
  <ACCOUNT number="" lastreconciled="" opened="1900-01-01" lastmodified="2023-11-03" type="13" name="Bankgebühren" currency="EUR" parentaccount="A000019" id="A000020" description="" institution=""/>
  <ACCOUNT number="" lastreconciled="" opened="1900-01-01" lastmodified="" type="13" name="Sonstiges" currency="EUR" parentaccount="A000019" id="A000021" description="" institution=""/>
  <ACCOUNT number="" lastreconciled="" opened="1900-01-01" lastmodified="" type="13" name="Spenden" currency="EUR" parentaccount="AStd::Expense" id="A000022" description="" institution=""/>
  <ACCOUNT number="" lastreconciled="" opened="1900-01-01" lastmodified="" type="13" name="Steuern" currency="EUR" parentaccount="AStd::Expense" id="A000023" description="" institution="">
   <SUBACCOUNTS>
    <SUBACCOUNT id="A000024"/>
    <SUBACCOUNT id="A000025"/>
    <SUBACCOUNT id="A000026"/>
    <SUBACCOUNT id="A000027"/>
    <SUBACCOUNT id="A000028"/>
    <SUBACCOUNT id="A000029"/>
   </SUBACCOUNTS>
  </ACCOUNT>
  <ACCOUNT number="" lastreconciled="" opened="1900-01-01" lastmodified="" type="13" name="Einkommensteuer" currency="EUR" parentaccount="A000023" id="A000024" description="" institution=""/>
  <ACCOUNT number="" lastreconciled="" opened="1900-01-01" lastmodified="" type="13" name="Pflegeversicherung" currency="EUR" parentaccount="A000023" id="A000025" description="" institution=""/>
  <ACCOUNT number="" lastreconciled="" opened="1900-01-01" lastmodified="" type="13" name="Rentenversicherung" currency="EUR" parentaccount="A000023" id="A000026" description="" institution=""/>
  <ACCOUNT number="" lastreconciled="" opened="1900-01-01" lastmodified="" type="13" name="Solidaritätszuschlag" currency="EUR" parentaccount="A000023" id="A000027" description="" institution=""/>
  <ACCOUNT number="" lastreconciled="" opened="1900-01-01" lastmodified="" type="13" name="Sonstige" currency="EUR" parentaccount="A000023" id="A000028" description="" institution=""/>
  <ACCOUNT number="" lastreconciled="" opened="1900-01-01" lastmodified="" type="13" name="Sozialabgaben" currency="EUR" parentaccount="A000023" id="A000029" description="" institution=""/>
  <ACCOUNT number="" lastreconciled="" opened="1900-01-01" lastmodified="" type="13" name="Telekommunikation" currency="EUR" parentaccount="AStd::Expense" id="A000030" description="" institution="">
   <SUBACCOUNTS>
    <SUBACCOUNT id="A000031"/>
    <SUBACCOUNT id="A000032"/>
    <SUBACCOUNT id="A000033"/>
   </SUBACCOUNTS>
  </ACCOUNT>
  <ACCOUNT number="" lastreconciled="" opened="1900-01-01" lastmodified="" type="13" name="Fernsehen" currency="EUR" parentaccount="A000030" id="A000031" description="" institution=""/>
  <ACCOUNT number="" lastreconciled="" opened="1900-01-01" lastmodified="" type="13" name="Online-Dienste" currency="EUR" parentaccount="A000030" id="A000032" description="" institution=""/>
  <ACCOUNT number="" lastreconciled="" opened="1900-01-01" lastmodified="" type="13" name="Telefon" currency="EUR" parentaccount="A000030" id="A000033" description="" institution=""/>
  <ACCOUNT number="" lastreconciled="" opened="1900-01-01" lastmodified="" type="13" name="Unterhaltung" currency="EUR" parentaccount="AStd::Expense" id="A000034" description="" institution="">
   <SUBACCOUNTS>
    <SUBACCOUNT id="A000035"/>
    <SUBACCOUNT id="A000036"/>
    <SUBACCOUNT id="A000037"/>
    <SUBACCOUNT id="A000038"/>
   </SUBACCOUNTS>
  </ACCOUNT>
  <ACCOUNT number="" lastreconciled="" opened="1900-01-01" lastmodified="" type="13" name="Ausgehen" currency="EUR" parentaccount="A000034" id="A000035" description="" institution=""/>
  <ACCOUNT number="" lastreconciled="" opened="1900-01-01" lastmodified="" type="13" name="Musik/Kino" currency="EUR" parentaccount="A000034" id="A000036" description="" institution=""/>
  <ACCOUNT number="" lastreconciled="" opened="1900-01-01" lastmodified="" type="13" name="Reisen" currency="EUR" parentaccount="A000034" id="A000037" description="" institution=""/>
  <ACCOUNT number="" lastreconciled="" opened="1900-01-01" lastmodified="" type="13" name="Sport" currency="EUR" parentaccount="A000034" id="A000038" description="" institution=""/>
  <ACCOUNT number="" lastreconciled="" opened="1900-01-01" lastmodified="" type="13" name="Versicherungen" currency="EUR" parentaccount="AStd::Expense" id="A000039" description="" institution="">
   <SUBACCOUNTS>
    <SUBACCOUNT id="A000040"/>
    <SUBACCOUNT id="A000041"/>
   </SUBACCOUNTS>
  </ACCOUNT>
  <ACCOUNT number="" lastreconciled="" opened="1900-01-01" lastmodified="" type="13" name="Haftpflicht" currency="EUR" parentaccount="A000039" id="A000040" description="" institution=""/>
  <ACCOUNT number="" lastreconciled="" opened="1900-01-01" lastmodified="" type="13" name="Krankenversicherung" currency="EUR" parentaccount="A000039" id="A000041" description="" institution=""/>
  <ACCOUNT number="" lastreconciled="" opened="1900-01-01" lastmodified="" type="13" name="Wohnen" currency="EUR" parentaccount="AStd::Expense" id="A000042" description="" institution="">
   <SUBACCOUNTS>
    <SUBACCOUNT id="A000043"/>
    <SUBACCOUNT id="A000044"/>
   </SUBACCOUNTS>
  </ACCOUNT>
  <ACCOUNT number="" lastreconciled="" opened="1900-01-01" lastmodified="" type="13" name="Miete" currency="EUR" parentaccount="A000042" id="A000043" description="" institution=""/>
  <ACCOUNT number="" lastreconciled="" opened="1900-01-01" lastmodified="" type="13" name="Nebenkosten" currency="EUR" parentaccount="A000042" id="A000044" description="" institution="">
   <SUBACCOUNTS>
    <SUBACCOUNT id="A000045"/>
    <SUBACCOUNT id="A000046"/>
    <SUBACCOUNT id="A000047"/>
    <SUBACCOUNT id="A000048"/>
   </SUBACCOUNTS>
  </ACCOUNT>
  <ACCOUNT number="" lastreconciled="" opened="1900-01-01" lastmodified="" type="13" name="Abfall" currency="EUR" parentaccount="A000044" id="A000045" description="" institution=""/>
  <ACCOUNT number="" lastreconciled="" opened="1900-01-01" lastmodified="" type="13" name="Gas" currency="EUR" parentaccount="A000044" id="A000046" description="" institution=""/>
  <ACCOUNT number="" lastreconciled="" opened="1900-01-01" lastmodified="" type="13" name="Strom" currency="EUR" parentaccount="A000044" id="A000047" description="" institution=""/>
  <ACCOUNT number="" lastreconciled="" opened="1900-01-01" lastmodified="" type="13" name="Wasser" currency="EUR" parentaccount="A000044" id="A000048" description="" institution=""/>
  <ACCOUNT number="" lastreconciled="" opened="1900-01-01" lastmodified="" type="12" name="Gehalt" currency="EUR" parentaccount="AStd::Income" id="A000049" description="" institution="">
   <SUBACCOUNTS>
    <SUBACCOUNT id="A000050"/>
    <SUBACCOUNT id="A000051"/>
   </SUBACCOUNTS>
  </ACCOUNT>
  <ACCOUNT number="" lastreconciled="" opened="1900-01-01" lastmodified="2023-11-02" type="12" name="Gehalt" currency="EUR" parentaccount="A000049" id="A000050" description="" institution=""/>
  <ACCOUNT number="" lastreconciled="" opened="1900-01-01" lastmodified="" type="12" name="Zulagen" currency="EUR" parentaccount="A000049" id="A000051" description="" institution=""/>
  <ACCOUNT number="" lastreconciled="" opened="1900-01-01" lastmodified="" type="12" name="Geschenke" currency="EUR" parentaccount="AStd::Income" id="A000052" description="" institution=""/>
  <ACCOUNT number="" lastreconciled="" opened="1900-01-01" lastmodified="2023-11-03" type="12" name="Sonstiges" currency="EUR" parentaccount="AStd::Income" id="A000053" description="" institution=""/>
  <ACCOUNT number="" lastreconciled="" opened="1900-01-01" lastmodified="" type="12" name="Zinsen" currency="EUR" parentaccount="AStd::Income" id="A000054" description="" institution="">
   <SUBACCOUNTS>
    <SUBACCOUNT id="A000055"/>
    <SUBACCOUNT id="A000056"/>
    <SUBACCOUNT id="A000057"/>
   </SUBACCOUNTS>
  </ACCOUNT>
  <ACCOUNT number="" lastreconciled="" opened="1900-01-01" lastmodified="" type="12" name="Girokonto" currency="EUR" parentaccount="A000054" id="A000055" description="" institution=""/>
  <ACCOUNT number="" lastreconciled="" opened="1900-01-01" lastmodified="" type="12" name="Sonstige" currency="EUR" parentaccount="A000054" id="A000056" description="" institution=""/>
  <ACCOUNT number="" lastreconciled="" opened="1900-01-01" lastmodified="" type="12" name="Sparkonto" currency="EUR" parentaccount="A000054" id="A000057" description="" institution=""/>
  <ACCOUNT number="" lastreconciled="" opened="2023-10-14" lastmodified="" type="10" name="Barverbindlichkeiten" currency="EUR" parentaccount="AStd::Liability" id="A000058" description="" institution="">
   <SUBACCOUNTS>
    <SUBACCOUNT id="A000059"/>
   </SUBACCOUNTS>
  </ACCOUNT>
  <ACCOUNT number="" lastreconciled="" opened="2023-10-14" lastmodified="" type="4" name="Kreditkarte" currency="EUR" parentaccount="A000058" id="A000059" description="" institution=""/>
  <ACCOUNT number="" lastreconciled="" opened="2023-01-01" lastmodified="" type="9" name="Finanzanlagen" currency="EUR" parentaccount="AStd::Asset" id="A000061" description="" institution="">
   <SUBACCOUNTS>
    <SUBACCOUNT id="A000062"/>
   </SUBACCOUNTS>
   <KEYVALUEPAIRS>
    <PAIR key="iban" value=""/>
   </KEYVALUEPAIRS>
  </ACCOUNT>
  <ACCOUNT number="" lastreconciled="" opened="2023-01-01" lastmodified="" type="7" name="Depot RaiBa" currency="EUR" parentaccount="A000061" id="A000062" description="Aktiendepot 1" institution="I000001">
   <SUBACCOUNTS>
    <SUBACCOUNT id="A000063"/>
    <SUBACCOUNT id="A000064"/>
   </SUBACCOUNTS>
  </ACCOUNT>
  <ACCOUNT number="" lastreconciled="" opened="2023-11-03" lastmodified="2023-11-03" type="15" name="DE0007164600 SAP" currency="E000001" parentaccount="A000062" id="A000063" description="" institution=""/>
  <ACCOUNT number="" lastreconciled="" opened="2023-10-27" lastmodified="2023-11-03" type="15" name="DE0007100000 Mercedes-Benz Group AG" currency="E000002" parentaccount="A000062" id="A000064" description="" institution=""/>
 </ACCOUNTS>
 <TRANSACTIONS count="5">
  <TRANSACTION commodity="EUR" postdate="2023-01-01" memo="" id="T000000000000000001" entrydate="2023-11-03">
   <SPLITS>
    <SPLIT action="" shares="10000/1" number="" reconcileflag="0" bankid="" price="1/1" memo="" value="10000/1" id="S0001" payee="P000004" reconciledate="" account="A000004"/>
    <SPLIT action="" shares="-10000/1" number="" reconcileflag="0" bankid="" price="1/1" memo="" value="-10000/1" id="S0002" payee="P000004" reconciledate="" account="A000053"/>
   </SPLITS>
  </TRANSACTION>
  <TRANSACTION commodity="EUR" postdate="2023-01-03" memo="" id="T000000000000000002" entrydate="2023-10-14">
   <SPLITS>
    <SPLIT action="" shares="1000/1" number="" reconcileflag="0" bankid="" price="1/1" memo="Unfug und Quatsch GmbH Gehalt" value="1000/1" id="S0001" payee="P000002" reconciledate="" account="A000004"/>
    <SPLIT action="" shares="-1000/1" number="" reconcileflag="0" bankid="" price="1/1" memo="Unfug und Quatsch GmbH Gehalt" value="-1000/1" id="S0002" payee="P000002" reconciledate="" account="A000050"/>
   </SPLITS>
  </TRANSACTION>
  <TRANSACTION commodity="EUR" postdate="2023-10-14" memo="" id="T000000000000000003" entrydate="2023-10-14">
   <SPLITS>
    <SPLIT action="" shares="150/1" number="" reconcileflag="0" bankid="" price="1/1" memo="Bargeldauszahlung" value="150/1" id="S0001" payee="P000003" reconciledate="" account="A000004"/>
    <SPLIT action="" shares="-150/1" number="" reconcileflag="0" bankid="" price="1/1" memo="Bargeldauszahlung" value="-150/1" id="S0002" payee="P000003" reconciledate="" account="A000003"/>
   </SPLITS>
  </TRANSACTION>
  <TRANSACTION commodity="EUR" postdate="2023-10-27" memo="" id="T000000000000000004" entrydate="2023-11-03">
   <SPLITS>
    <SPLIT action="" shares="-3931/2" number="" reconcileflag="0" bankid="" price="1/1" memo="" value="-3931/2" id="S0001" payee="" reconciledate="" account="A000004"/>
    <SPLIT action="" shares="21/2" number="" reconcileflag="0" bankid="" price="1/1" memo="" value="21/2" id="S0002" payee="" reconciledate="" account="A000020"/>
    <SPLIT action="Buy" shares="17/1" number="" reconcileflag="0" bankid="" price="115/1" memo="" value="1955/1" id="S0003" payee="" reconciledate="" account="A000064"/>
   </SPLITS>
  </TRANSACTION>
  <TRANSACTION commodity="EUR" postdate="2023-11-03" memo="" id="T000000000000000005" entrydate="2023-11-03">
   <SPLITS>
    <SPLIT action="" shares="-1810/1" number="" reconcileflag="0" bankid="" price="1/1" memo="" value="-1810/1" id="S0001" payee="" reconciledate="" account="A000004"/>
    <SPLIT action="" shares="10/1" number="" reconcileflag="0" bankid="" price="1/1" memo="" value="10/1" id="S0002" payee="" reconciledate="" account="A000020"/>
    <SPLIT action="Buy" shares="15/1" number="" reconcileflag="0" bankid="" price="120/1" memo="" value="1800/1" id="S0003" payee="" reconciledate="" account="A000063"/>
   </SPLITS>
  </TRANSACTION>
 </TRANSACTIONS>
 <KEYVALUEPAIRS>
  <PAIR key="kmm-baseCurrency" value="EUR"/>
  <PAIR key="kmm-id" value="{1f7ec5d2-f982-48eb-9ae3-22095e2362ee}"/>
 </KEYVALUEPAIRS>
 <SCHEDULES count="0"/>
 <SECURITIES count="2">
  <SECURITY trading-currency="EUR" name="SAP AG" type="0" rounding-method="7" pp="2" id="E000001" symbol="SAP" saf="100" trading-market="XETRA">
   <KEYVALUEPAIRS>
    <PAIR key="kmm-security-id" value="DE0007164600"/>
   </KEYVALUEPAIRS>
  </SECURITY>
  <SECURITY trading-currency="EUR" name="Mercedes-Benz Group AG" type="0" rounding-method="7" pp="2" id="E000002" symbol="MBG" saf="100" trading-market="XETRA">
   <KEYVALUEPAIRS>
    <PAIR key="kmm-security-id" value="DE0007100000"/>
   </KEYVALUEPAIRS>
  </SECURITY>
 </SECURITIES>
 <CURRENCIES count="1">
  <CURRENCY name="Euro" type="3" rounding-method="7" pp="4" id="EUR" symbol="€" scf="100" saf="100"/>
 </CURRENCIES>
 <PRICES count="2">
  <PRICEPAIR to="EUR" from="E000001">
   <PRICE source="Transaction" price="120/1" date="2023-11-03"/>
  </PRICEPAIR>
  <PRICEPAIR to="EUR" from="E000002">
   <PRICE source="Transaction" price="115/1" date="2023-10-27"/>
  </PRICEPAIR>
 </PRICES>
 <REPORTS count="0"/>
 <BUDGETS count="0"/>
 <ONLINEJOBS count="0"/>
</KMYMONEY-FILE>
