<?xml version="1.0" encoding="utf-8"?>
<!DOCTYPE KMYMONEY-FILE>
<KMYMONEY-FILE>
 <FILEINFO>
  <CREATION_DATE date="2023-10-14"/>
  <LAST_MODIFIED_DATE date="2025-05-28"/>
  <VERSION id="1"/>
  <FIXVERSION id="5"/>
 </FILEINFO>
 <USER name="John Doe" email="">
  <ADDRESS city="" county="" telephone="" street="" zipcode=""/>
 </USER>
 <INSTITUTIONS count="2">
  <INSTITUTION id="I000001" name="RaiBa" sortcode="" manager="">
   <ADDRESS city="" telephone="" street="" zip=""/>
   <ACCOUNTIDS>
    <ACCOUNTID id="A000004"/>
    <ACCOUNTID id="A000005"/>
    <ACCOUNTID id="A000062"/>
   </ACCOUNTIDS>
   <KEYVALUEPAIRS>
    <PAIR key="bic" value=""/>
    <PAIR key="url" value=""/>
   </KEYVALUEPAIRS>
  </INSTITUTION>
  <INSTITUTION id="I000002" name="My Gibberish Bank" sortcode="666" manager="">
   <ADDRESS city="Gibbon City" telephone="+1 - 44 - 1234" street="Gibby St" zip="E23Q452"/>
   <ACCOUNTIDS/>
   <KEYVALUEPAIRS>
    <PAIR key="bic" value="TMBQBHDGXXX"/>
    <PAIR key="url" value="gibberish.com"/>
   </KEYVALUEPAIRS>
  </INSTITUTION>
 </INSTITUTIONS>
 <PAYEES count="9">
  <PAYEE id="P000001" name="Eingang" email="" reference="" matchingenabled="0">
   <ADDRESS city="" state="" telephone="" street="" postcode=""/>
  </PAYEE>
  <PAYEE id="P000002" name="Gehalt" email="" reference="" matchingenabled="0">
   <ADDRESS city="" state="" telephone="" street="" postcode=""/>
  </PAYEE>
  <PAYEE id="P000003" name="Geldautomat" email="" reference="" matchingenabled="0">
   <ADDRESS city="" state="" telephone="" street="" postcode=""/>
  </PAYEE>
  <PAYEE id="P000004" name="Eröffnungssaldo" email="" reference="" matchingenabled="0">
   <ADDRESS city="" state="" telephone="" street="" postcode=""/>
  </PAYEE>
  <PAYEE id="P000005" name="Fürchtegott Schnorzelmöller" notes="Pezi-Bär von der Urania kennt ihn gut" email="fuerchtegott.schnorzelmoeller@prater.at" reference="" matchingenabled="0">
   <ADDRESS city="Wien" state="Österreich" telephone="+43 - 12 - 277278279" street="Krailbacher Gasse 123 a&#xa;Postfach ABC&#xa;Kennwort Kasperlpost" postcode="1136"/>
  </PAYEE>
  <PAYEE id="P000006" name="Unfug &amp; Quatsch" email="" reference="" matchingenabled="0">
   <ADDRESS city="" state="" telephone="" street="" postcode=""/>
  </PAYEE>
  <PAYEE id="P000007" name="Vermietomat GmbH" email="" reference="" matchingenabled="0">
   <ADDRESS city="" state="" telephone="" street="" postcode=""/>
  </PAYEE>
  <PAYEE id="P000008" name="Haushaltsgeld" email="" reference="" matchingenabled="0">
   <ADDRESS city="" state="" telephone="" street="" postcode=""/>
  </PAYEE>
  <PAYEE id="P000009" name="Hubers Laden" email="" matchkey="Kiosk Sesamstrasse" reference="" matchignorecase="1" matchingenabled="1" usingmatchkey="1">
   <ADDRESS city="" state="" telephone="" street="" postcode=""/>
  </PAYEE>
 </PAYEES>
 <COSTCENTERS count="0"/>
 <TAGS count="3">
  <TAG id="G000001" name="froufrou" tagcolor="#ff0000" notes="Never without my Frou-Frou" closed="0"/>
  <TAG id="G000002" name="frifri" tagcolor="#00aa00" notes="All the world of Fri-Fri" closed="0"/>
  <TAG id="G000003" name="kiki" tagcolor="#000000" closed="0"/>
 </TAGS>
 <ACCOUNTS count="77">
  <ACCOUNT id="AStd::Asset" name="Anlagen" parentaccount="" type="9" opened="" number="" lastmodified="" institution="" description="" lastreconciled="" currency="EUR">
   <SUBACCOUNTS>
    <SUBACCOUNT id="A000002"/>
    <SUBACCOUNT id="A000061"/>
   </SUBACCOUNTS>
  </ACCOUNT>
  <ACCOUNT id="AStd::Liability" name="Verbindlichkeiten" parentaccount="" type="10" opened="" number="" lastmodified="" institution="" description="" lastreconciled="" currency="EUR">
   <SUBACCOUNTS>
    <SUBACCOUNT id="A000058"/>
   </SUBACCOUNTS>
  </ACCOUNT>
  <ACCOUNT id="AStd::Expense" name="Ausgabe" parentaccount="" type="13" opened="" number="" lastmodified="" institution="" description="" lastreconciled="" currency="EUR">
   <SUBACCOUNTS>
    <SUBACCOUNT id="A000006"/>
    <SUBACCOUNT id="A000011"/>
    <SUBACCOUNT id="A000012"/>
    <SUBACCOUNT id="A000014"/>
    <SUBACCOUNT id="A000015"/>
    <SUBACCOUNT id="A000016"/>
    <SUBACCOUNT id="A000017"/>
    <SUBACCOUNT id="A000018"/>
    <SUBACCOUNT id="A000019"/>
    <SUBACCOUNT id="A000022"/>
    <SUBACCOUNT id="A000023"/>
    <SUBACCOUNT id="A000030"/>
    <SUBACCOUNT id="A000034"/>
    <SUBACCOUNT id="A000039"/>
    <SUBACCOUNT id="A000042"/>
    <SUBACCOUNT id="A000072"/>
   </SUBACCOUNTS>
  </ACCOUNT>
  <ACCOUNT id="AStd::Income" name="Einnahme" parentaccount="" type="12" opened="" number="" lastmodified="" institution="" description="" lastreconciled="" currency="EUR">
   <SUBACCOUNTS>
    <SUBACCOUNT id="A000049"/>
    <SUBACCOUNT id="A000052"/>
    <SUBACCOUNT id="A000053"/>
    <SUBACCOUNT id="A000068"/>
   </SUBACCOUNTS>
  </ACCOUNT>
  <ACCOUNT id="AStd::Equity" name="Eigenkapital" parentaccount="" type="16" opened="" number="" lastmodified="" institution="" description="" lastreconciled="" currency="EUR"/>
  <ACCOUNT id="A000002" name="Barvermögen" parentaccount="AStd::Asset" type="9" opened="2023-10-14" number="" lastmodified="" institution="" description="" lastreconciled="" currency="EUR">
   <SUBACCOUNTS>
    <SUBACCOUNT id="A000003"/>
    <SUBACCOUNT id="A000004"/>
    <SUBACCOUNT id="A000005"/>
   </SUBACCOUNTS>
  </ACCOUNT>
  <ACCOUNT id="A000003" name="Bargeld" parentaccount="A000002" type="3" opened="2023-10-14" number="" lastmodified="2023-12-09" institution="" description="" lastreconciled="" currency="EUR">
   <SUBACCOUNTS>
    <SUBACCOUNT id="A000065"/>
    <SUBACCOUNT id="A000066"/>
   </SUBACCOUNTS>
  </ACCOUNT>
  <ACCOUNT id="A000004" name="Giro RaiBa" parentaccount="A000002" type="1" opened="2023-01-01" number="" lastmodified="2025-03-01" institution="I000001" description="Girokonto 1" lastreconciled="" currency="EUR">
   <KEYVALUEPAIRS>
    <PAIR key="lastNumberUsed" value="1"/>
   </KEYVALUEPAIRS>
  </ACCOUNT>
  <ACCOUNT id="A000005" name="Spar RaiBa" parentaccount="A000002" type="1" opened="2023-10-14" number="" lastmodified="" institution="I000001" description="" lastreconciled="" currency="EUR"/>
  <ACCOUNT id="A000006" name="Bildung" parentaccount="AStd::Expense" type="13" opened="1900-01-01" number="" lastmodified="" institution="" description="" lastreconciled="" currency="EUR">
   <SUBACCOUNTS>
    <SUBACCOUNT id="A000007"/>
    <SUBACCOUNT id="A000008"/>
    <SUBACCOUNT id="A000009"/>
    <SUBACCOUNT id="A000010"/>
   </SUBACCOUNTS>
  </ACCOUNT>
  <ACCOUNT id="A000007" name="Abonnements" parentaccount="A000006" type="13" opened="1900-01-01" number="" lastmodified="" institution="" description="" lastreconciled="" currency="EUR"/>
  <ACCOUNT id="A000008" name="Bücher" parentaccount="A000006" type="13" opened="1900-01-01" number="" lastmodified="" institution="" description="" lastreconciled="" currency="EUR"/>
  <ACCOUNT id="A000009" name="Büroartikel" parentaccount="A000006" type="13" opened="1900-01-01" number="" lastmodified="" institution="" description="" lastreconciled="" currency="EUR"/>
  <ACCOUNT id="A000010" name="Zeitungen" parentaccount="A000006" type="13" opened="1900-01-01" number="" lastmodified="" institution="" description="" lastreconciled="" currency="EUR"/>
  <ACCOUNT id="A000011" name="Computer" parentaccount="AStd::Expense" type="13" opened="1900-01-01" number="" lastmodified="" institution="" description="" lastreconciled="" currency="EUR"/>
  <ACCOUNT id="A000012" name="Fahrtkosten" parentaccount="AStd::Expense" type="13" opened="1900-01-01" number="" lastmodified="" institution="" description="" lastreconciled="" currency="EUR">
   <SUBACCOUNTS>
    <SUBACCOUNT id="A000013"/>
   </SUBACCOUNTS>
  </ACCOUNT>
  <ACCOUNT id="A000013" name="Fahrkarten" parentaccount="A000012" type="13" opened="1900-01-01" number="" lastmodified="" institution="" description="" lastreconciled="" currency="EUR"/>
  <ACCOUNT id="A000014" name="Geschenke" parentaccount="AStd::Expense" type="13" opened="1900-01-01" number="" lastmodified="" institution="" description="" lastreconciled="" currency="EUR"/>
  <ACCOUNT id="A000015" name="Hobbies" parentaccount="AStd::Expense" type="13" opened="1900-01-01" number="" lastmodified="" institution="" description="" lastreconciled="" currency="EUR"/>
  <ACCOUNT id="A000016" name="Kleidung" parentaccount="AStd::Expense" type="13" opened="1900-01-01" number="" lastmodified="" institution="" description="" lastreconciled="" currency="EUR"/>
  <ACCOUNT id="A000017" name="Lebensmittel" parentaccount="AStd::Expense" type="13" opened="1900-01-01" number="" lastmodified="" institution="" description="" lastreconciled="" currency="EUR"/>
  <ACCOUNT id="A000018" name="Medikamente" parentaccount="AStd::Expense" type="13" opened="1900-01-01" number="" lastmodified="" institution="" description="" lastreconciled="" currency="EUR"/>
  <ACCOUNT id="A000019" name="Sonstiges" parentaccount="AStd::Expense" type="13" opened="1900-01-01" number="" lastmodified="" institution="" description="" lastreconciled="" currency="EUR">
   <SUBACCOUNTS>
    <SUBACCOUNT id="A000020"/>
    <SUBACCOUNT id="A000021"/>
   </SUBACCOUNTS>
  </ACCOUNT>
  <ACCOUNT id="A000020" name="Bankgebühren" parentaccount="A000019" type="13" opened="1900-01-01" number="" lastmodified="2023-11-03" institution="" description="" lastreconciled="" currency="EUR"/>
  <ACCOUNT id="A000021" name="Sonstiges" parentaccount="A000019" type="13" opened="1900-01-01" number="" lastmodified="" institution="" description="" lastreconciled="" currency="EUR"/>
  <ACCOUNT id="A000022" name="Spenden" parentaccount="AStd::Expense" type="13" opened="1900-01-01" number="" lastmodified="" institution="" description="" lastreconciled="" currency="EUR"/>
  <ACCOUNT id="A000023" name="Steuern" parentaccount="AStd::Expense" type="13" opened="1900-01-01" number="" lastmodified="" institution="" description="" lastreconciled="" currency="EUR">
   <SUBACCOUNTS>
    <SUBACCOUNT id="A000024"/>
    <SUBACCOUNT id="A000025"/>
    <SUBACCOUNT id="A000026"/>
    <SUBACCOUNT id="A000027"/>
    <SUBACCOUNT id="A000028"/>
    <SUBACCOUNT id="A000029"/>
    <SUBACCOUNT id="A000067"/>
   </SUBACCOUNTS>
  </ACCOUNT>
  <ACCOUNT id="A000024" name="Einkommensteuer" parentaccount="A000023" type="13" opened="1900-01-01" number="" lastmodified="" institution="" description="" lastreconciled="" currency="EUR"/>
  <ACCOUNT id="A000025" name="Pflegeversicherung" parentaccount="A000023" type="13" opened="1900-01-01" number="" lastmodified="" institution="" description="" lastreconciled="" currency="EUR"/>
  <ACCOUNT id="A000026" name="Rentenversicherung" parentaccount="A000023" type="13" opened="1900-01-01" number="" lastmodified="" institution="" description="" lastreconciled="" currency="EUR"/>
  <ACCOUNT id="A000027" name="Solidaritätszuschlag" parentaccount="A000023" type="13" opened="1900-01-01" number="" lastmodified="" institution="" description="" lastreconciled="" currency="EUR"/>
  <ACCOUNT id="A000028" name="Sonstige" parentaccount="A000023" type="13" opened="1900-01-01" number="" lastmodified="" institution="" description="" lastreconciled="" currency="EUR"/>
  <ACCOUNT id="A000029" name="Sozialabgaben" parentaccount="A000023" type="13" opened="1900-01-01" number="" lastmodified="" institution="" description="" lastreconciled="" currency="EUR"/>
  <ACCOUNT id="A000030" name="Telekommunikation" parentaccount="AStd::Expense" type="13" opened="1900-01-01" number="" lastmodified="" institution="" description="" lastreconciled="" currency="EUR">
   <SUBACCOUNTS>
    <SUBACCOUNT id="A000031"/>
    <SUBACCOUNT id="A000032"/>
    <SUBACCOUNT id="A000033"/>
   </SUBACCOUNTS>
  </ACCOUNT>
  <ACCOUNT id="A000031" name="Fernsehen" parentaccount="A000030" type="13" opened="1900-01-01" number="" lastmodified="" institution="" description="" lastreconciled="" currency="EUR"/>
  <ACCOUNT id="A000032" name="Online-Dienste" parentaccount="A000030" type="13" opened="1900-01-01" number="" lastmodified="" institution="" description="" lastreconciled="" currency="EUR"/>
  <ACCOUNT id="A000033" name="Telefon" parentaccount="A000030" type="13" opened="1900-01-01" number="" lastmodified="" institution="" description="" lastreconciled="" currency="EUR"/>
  <ACCOUNT id="A000034" name="Unterhaltung" parentaccount="AStd::Expense" type="13" opened="1900-01-01" number="" lastmodified="" institution="" description="" lastreconciled="" currency="EUR">
   <SUBACCOUNTS>
    <SUBACCOUNT id="A000035"/>
    <SUBACCOUNT id="A000036"/>
    <SUBACCOUNT id="A000037"/>
    <SUBACCOUNT id="A000038"/>
   </SUBACCOUNTS>
  </ACCOUNT>
  <ACCOUNT id="A000035" name="Ausgehen" parentaccount="A000034" type="13" opened="1900-01-01" number="" lastmodified="" institution="" description="" lastreconciled="" currency="EUR"/>
  <ACCOUNT id="A000036" name="Musik/Kino" parentaccount="A000034" type="13" opened="1900-01-01" number="" lastmodified="" institution="" description="" lastreconciled="" currency="EUR"/>
  <ACCOUNT id="A000037" name="Reisen" parentaccount="A000034" type="13" opened="1900-01-01" number="" lastmodified="" institution="" description="" lastreconciled="" currency="EUR"/>
  <ACCOUNT id="A000038" name="Sport" parentaccount="A000034" type="13" opened="1900-01-01" number="" lastmodified="" institution="" description="" lastreconciled="" currency="EUR"/>
  <ACCOUNT id="A000039" name="Versicherungen" parentaccount="AStd::Expense" type="13" opened="1900-01-01" number="" lastmodified="" institution="" description="" lastreconciled="" currency="EUR">
   <SUBACCOUNTS>
    <SUBACCOUNT id="A000040"/>
    <SUBACCOUNT id="A000041"/>
   </SUBACCOUNTS>
  </ACCOUNT>
  <ACCOUNT id="A000040" name="Haftpflicht" parentaccount="A000039" type="13" opened="1900-01-01" number="" lastmodified="" institution="" description="" lastreconciled="" currency="EUR"/>
  <ACCOUNT id="A000041" name="Krankenversicherung" parentaccount="A000039" type="13" opened="1900-01-01" number="" lastmodified="" institution="" description="" lastreconciled="" currency="EUR"/>
  <ACCOUNT id="A000042" name="Wohnen" parentaccount="AStd::Expense" type="13" opened="1900-01-01" number="" lastmodified="" institution="" description="" lastreconciled="" currency="EUR">
   <SUBACCOUNTS>
    <SUBACCOUNT id="A000043"/>
    <SUBACCOUNT id="A000044"/>
   </SUBACCOUNTS>
  </ACCOUNT>
  <ACCOUNT id="A000043" name="Miete" parentaccount="A000042" type="13" opened="1900-01-01" number="" lastmodified="2025-03-01" institution="" description="" lastreconciled="" currency="EUR"/>
  <ACCOUNT id="A000044" name="Nebenkosten" parentaccount="A000042" type="13" opened="1900-01-01" number="" lastmodified="" institution="" description="" lastreconciled="" currency="EUR">
   <SUBACCOUNTS>
    <SUBACCOUNT id="A000045"/>
    <SUBACCOUNT id="A000046"/>
    <SUBACCOUNT id="A000047"/>
    <SUBACCOUNT id="A000048"/>
   </SUBACCOUNTS>
  </ACCOUNT>
  <ACCOUNT id="A000045" name="Abfall" parentaccount="A000044" type="13" opened="1900-01-01" number="" lastmodified="" institution="" description="" lastreconciled="" currency="EUR"/>
  <ACCOUNT id="A000046" name="Gas" parentaccount="A000044" type="13" opened="1900-01-01" number="" lastmodified="" institution="" description="" lastreconciled="" currency="EUR"/>
  <ACCOUNT id="A000047" name="Strom" parentaccount="A000044" type="13" opened="1900-01-01" number="" lastmodified="" institution="" description="" lastreconciled="" currency="EUR"/>
  <ACCOUNT id="A000048" name="Wasser" parentaccount="A000044" type="13" opened="1900-01-01" number="" lastmodified="" institution="" description="" lastreconciled="" currency="EUR"/>
  <ACCOUNT id="A000049" name="Gehalt" parentaccount="AStd::Income" type="12" opened="1900-01-01" number="" lastmodified="" institution="" description="" lastreconciled="" currency="EUR">
   <SUBACCOUNTS>
    <SUBACCOUNT id="A000050"/>
    <SUBACCOUNT id="A000051"/>
   </SUBACCOUNTS>
  </ACCOUNT>
  <ACCOUNT id="A000050" name="Gehalt" parentaccount="A000049" type="12" opened="1900-01-01" number="" lastmodified="2025-03-01" institution="" description="" lastreconciled="" currency="EUR"/>
  <ACCOUNT id="A000051" name="Zulagen" parentaccount="A000049" type="12" opened="1900-01-01" number="" lastmodified="2023-12-09" institution="" description="" lastreconciled="" currency="EUR"/>
  <ACCOUNT id="A000052" name="Geschenke" parentaccount="AStd::Income" type="12" opened="1900-01-01" number="" lastmodified="" institution="" description="" lastreconciled="" currency="EUR"/>
  <ACCOUNT id="A000053" name="Sonstiges" parentaccount="AStd::Income" type="12" opened="1900-01-01" number="" lastmodified="2023-11-03" institution="" description="" lastreconciled="" currency="EUR"/>
  <ACCOUNT id="A000054" name="Zinsen" parentaccount="A000068" type="12" opened="1900-01-01" number="" lastmodified="" institution="" description="" lastreconciled="" currency="EUR">
   <SUBACCOUNTS>
    <SUBACCOUNT id="A000055"/>
    <SUBACCOUNT id="A000056"/>
    <SUBACCOUNT id="A000057"/>
   </SUBACCOUNTS>
  </ACCOUNT>
  <ACCOUNT id="A000055" name="Girokonto" parentaccount="A000054" type="12" opened="1900-01-01" number="" lastmodified="" institution="" description="" lastreconciled="" currency="EUR"/>
  <ACCOUNT id="A000056" name="Sonstige" parentaccount="A000054" type="12" opened="1900-01-01" number="" lastmodified="" institution="" description="" lastreconciled="" currency="EUR"/>
  <ACCOUNT id="A000057" name="Sparkonto" parentaccount="A000054" type="12" opened="1900-01-01" number="" lastmodified="" institution="" description="" lastreconciled="" currency="EUR"/>
  <ACCOUNT id="A000058" name="Barverbindlichkeiten" parentaccount="AStd::Liability" type="10" opened="2023-10-14" number="" lastmodified="" institution="" description="" lastreconciled="" currency="EUR">
   <SUBACCOUNTS>
    <SUBACCOUNT id="A000059"/>
   </SUBACCOUNTS>
  </ACCOUNT>
  <ACCOUNT id="A000059" name="Kreditkarte" parentaccount="A000058" type="4" opened="2023-10-14" number="" lastmodified="" institution="" description="" lastreconciled="" currency="EUR"/>
  <ACCOUNT id="A000061" name="Finanzanlagen" parentaccount="AStd::Asset" type="9" opened="2023-01-01" number="" lastmodified="" institution="" description="" lastreconciled="" currency="EUR">
   <SUBACCOUNTS>
    <SUBACCOUNT id="A000062"/>
   </SUBACCOUNTS>
   <KEYVALUEPAIRS>
    <PAIR key="iban" value=""/>
   </KEYVALUEPAIRS>
  </ACCOUNT>
  <ACCOUNT id="A000062" name="Depot RaiBa" parentaccount="A000061" type="7" opened="2023-01-01" number="" lastmodified="" institution="I000001" description="Aktiendepot 1" lastreconciled="" currency="EUR">
   <SUBACCOUNTS>
    <SUBACCOUNT id="A000063"/>
    <SUBACCOUNT id="A000064"/>
    <SUBACCOUNT id="A000074"/>
   </SUBACCOUNTS>
   <KEYVALUEPAIRS>
    <PAIR key="iban" value="DE01 1234 2345 3456 4567 99"/>
   </KEYVALUEPAIRS>
  </ACCOUNT>
  <ACCOUNT id="A000063" name="DE0007164600 SAP" parentaccount="A000062" type="15" opened="2023-11-03" number="" lastmodified="2023-11-03" institution="" description="" lastreconciled="" currency="E000001"/>
  <ACCOUNT id="A000064" name="DE0007100000 Mercedes-Benz Group AG" parentaccount="A000062" type="15" opened="2023-10-27" number="" lastmodified="2024-06-01" institution="" description="" lastreconciled="" currency="E000002"/>
  <ACCOUNT id="A000065" name="Kasse Bodo" parentaccount="A000003" type="3" opened="2023-01-01" number="" lastmodified="2023-12-09" institution="" description="" lastreconciled="" currency="EUR">
   <KEYVALUEPAIRS>
    <PAIR key="iban" value=""/>
   </KEYVALUEPAIRS>
  </ACCOUNT>
  <ACCOUNT id="A000066" name="Kasse Ada" parentaccount="A000003" type="3" opened="2023-01-01" number="" lastmodified="2023-12-09" institution="" description="" lastreconciled="" currency="EUR">
   <KEYVALUEPAIRS>
    <PAIR key="iban" value=""/>
   </KEYVALUEPAIRS>
  </ACCOUNT>
  <ACCOUNT id="A000067" name="Kapitalertrag" parentaccount="A000023" type="13" opened="1900-01-01" number="" lastmodified="" institution="" description="" lastreconciled="" currency="EUR"/>
  <ACCOUNT id="A000068" name="Kapitalerträge" parentaccount="AStd::Income" type="12" opened="1900-01-01" number="" lastmodified="" institution="" description="" lastreconciled="" currency="EUR">
   <SUBACCOUNTS>
    <SUBACCOUNT id="A000054"/>
    <SUBACCOUNT id="A000069"/>
   </SUBACCOUNTS>
  </ACCOUNT>
  <ACCOUNT id="A000069" name="Dividende" parentaccount="A000068" type="12" opened="1900-01-01" number="" lastmodified="" institution="" description="" lastreconciled="" currency="EUR">
   <SUBACCOUNTS>
    <SUBACCOUNT id="A000070"/>
    <SUBACCOUNT id="A000071"/>
   </SUBACCOUNTS>
  </ACCOUNT>
  <ACCOUNT id="A000070" name="Inland" parentaccount="A000069" type="12" opened="1900-01-01" number="" lastmodified="" institution="" description="" lastreconciled="" currency="EUR"/>
  <ACCOUNT id="A000071" name="Ausland" parentaccount="A000069" type="12" opened="1900-01-01" number="" lastmodified="" institution="" description="" lastreconciled="" currency="EUR"/>
  <ACCOUNT id="A000072" name="Bank" parentaccount="AStd::Expense" type="13" opened="1900-01-01" number="" lastmodified="" institution="" description="" lastreconciled="" currency="EUR">
   <SUBACCOUNTS>
    <SUBACCOUNT id="A000073"/>
   </SUBACCOUNTS>
  </ACCOUNT>
  <ACCOUNT id="A000073" name="Provision" parentaccount="A000072" type="13" opened="1900-01-01" number="" lastmodified="" institution="" description="" lastreconciled="" currency="EUR"/>
  <ACCOUNT id="A000074" name="DE000BASF111 BASF SE" parentaccount="A000062" type="15" opened="2025-04-12" number="" lastmodified="" institution="" description="" lastreconciled="" currency="E000003"/>
 </ACCOUNTS>
 <TRANSACTIONS count="19">
  <TRANSACTION id="T000000000000000001" entrydate="2023-11-03" commodity="EUR" postdate="2023-01-01" memo="">
   <SPLITS>
    <SPLIT id="S0001" reconciledate="" action="" shares="10000/1" price="1/1" payee="P000004" number="" account="A000004" value="10000/1" memo="" bankid="" reconcileflag="0"/>
    <SPLIT id="S0002" reconciledate="" action="" shares="-10000/1" price="1/1" payee="P000004" number="" account="A000053" value="-10000/1" memo="" bankid="" reconcileflag="0"/>
   </SPLITS>
  </TRANSACTION>
  <TRANSACTION id="T000000000000000002" entrydate="2023-10-14" commodity="EUR" postdate="2023-01-03" memo="">
   <SPLITS>
    <SPLIT id="S0001" reconciledate="" action="" shares="1000/1" price="1/1" payee="P000006" number="" account="A000004" value="1000/1" memo="Unfug und Quatsch GmbH Gehalt" bankid="" reconcileflag="0">
     <TAG id="G000002"/>
    </SPLIT>
    <SPLIT id="S0002" reconciledate="" action="" shares="-1000/1" price="1/1" payee="P000006" number="" account="A000050" value="-1000/1" memo="Unfug und Quatsch GmbH Gehalt" bankid="" reconcileflag="0"/>
   </SPLITS>
  </TRANSACTION>
  <TRANSACTION id="T000000000000000003" entrydate="2023-12-09" commodity="EUR" postdate="2023-01-04" memo="">
   <SPLITS>
    <SPLIT id="S0001" reconciledate="" action="" shares="-150/1" price="1/1" payee="P000007" number="" account="A000004" value="-150/1" memo="" bankid="" reconcileflag="0">
     <TAG id="G000001"/>
     <TAG id="G000002"/>
    </SPLIT>
    <SPLIT id="S0002" reconciledate="" action="" shares="150/1" price="1/1" payee="P000007" number="" account="A000043" value="150/1" memo="" bankid="" reconcileflag="0"/>
   </SPLITS>
  </TRANSACTION>
  <TRANSACTION id="T000000000000000004" entrydate="2023-12-09" commodity="EUR" postdate="2023-02-03" memo="">
   <SPLITS>
    <SPLIT id="S0001" reconciledate="" action="" shares="1000/1" price="1/1" payee="P000006" number="" account="A000004" value="1000/1" memo="" bankid="" reconcileflag="0">
     <TAG id="G000001"/>
    </SPLIT>
    <SPLIT id="S0002" reconciledate="" action="" shares="-1000/1" price="1/1" payee="P000006" number="" account="A000050" value="-1000/1" memo="" bankid="" reconcileflag="0"/>
   </SPLITS>
  </TRANSACTION>
  <TRANSACTION id="T000000000000000005" entrydate="2023-12-09" commodity="EUR" postdate="2023-02-04" memo="">
   <SPLITS>
    <SPLIT id="S0001" reconciledate="" action="" shares="-150/1" price="1/1" payee="P000007" number="" account="A000004" value="-150/1" memo="" bankid="" reconcileflag="0"/>
    <SPLIT id="S0002" reconciledate="" action="" shares="150/1" price="1/1" payee="P000007" number="" account="A000043" value="150/1" memo="" bankid="" reconcileflag="0"/>
   </SPLITS>
  </TRANSACTION>
  <TRANSACTION id="T000000000000000006" entrydate="2023-12-09" commodity="EUR" postdate="2023-03-03" memo="">
   <SPLITS>
    <SPLIT id="S0001" reconciledate="" action="" shares="1000/1" price="1/1" payee="P000006" number="" account="A000004" value="1000/1" memo="" bankid="" reconcileflag="0"/>
    <SPLIT id="S0002" reconciledate="" action="" shares="-1000/1" price="1/1" payee="P000006" number="" account="A000050" value="-1000/1" memo="" bankid="" reconcileflag="0"/>
   </SPLITS>
  </TRANSACTION>
  <TRANSACTION id="T000000000000000007" entrydate="2023-12-09" commodity="EUR" postdate="2023-03-04" memo="">
   <SPLITS>
    <SPLIT id="S0001" reconciledate="" action="" shares="-150/1" price="1/1" payee="P000007" number="" account="A000004" value="-150/1" memo="" bankid="" reconcileflag="0"/>
    <SPLIT id="S0002" reconciledate="" action="" shares="150/1" price="1/1" payee="P000007" number="" account="A000043" value="150/1" memo="" bankid="" reconcileflag="0"/>
   </SPLITS>
  </TRANSACTION>
  <TRANSACTION id="T000000000000000008" entrydate="2023-12-09" commodity="EUR" postdate="2023-04-03" memo="">
   <SPLITS>
    <SPLIT id="S0001" reconciledate="" action="" shares="1000/1" price="1/1" payee="P000006" number="" account="A000004" value="1000/1" memo="" bankid="" reconcileflag="0"/>
    <SPLIT id="S0002" reconciledate="" action="" shares="-1000/1" price="1/1" payee="P000006" number="" account="A000050" value="-1000/1" memo="" bankid="" reconcileflag="0"/>
   </SPLITS>
  </TRANSACTION>
  <TRANSACTION id="T000000000000000009" entrydate="2023-12-09" commodity="EUR" postdate="2023-04-04" memo="">
   <SPLITS>
    <SPLIT id="S0001" reconciledate="" action="" shares="-150/1" price="1/1" payee="P000007" number="" account="A000004" value="-150/1" memo="" bankid="" reconcileflag="0"/>
    <SPLIT id="S0002" reconciledate="" action="" shares="150/1" price="1/1" payee="P000007" number="" account="A000043" value="150/1" memo="" bankid="" reconcileflag="0"/>
   </SPLITS>
  </TRANSACTION>
  <TRANSACTION id="T000000000000000010" entrydate="2023-12-09" commodity="EUR" postdate="2023-05-03" memo="">
   <SPLITS>
    <SPLIT id="S0001" reconciledate="" action="" shares="1000/1" price="1/1" payee="P000006" number="" account="A000004" value="1000/1" memo="" bankid="" reconcileflag="0"/>
    <SPLIT id="S0002" reconciledate="" action="" shares="-1000/1" price="1/1" payee="P000006" number="" account="A000050" value="-1000/1" memo="" bankid="" reconcileflag="0"/>
   </SPLITS>
  </TRANSACTION>
  <TRANSACTION id="T000000000000000011" entrydate="2023-12-09" commodity="EUR" postdate="2023-05-04" memo="">
   <SPLITS>
    <SPLIT id="S0001" reconciledate="" action="" shares="-150/1" price="1/1" payee="P000007" number="" account="A000004" value="-150/1" memo="" bankid="" reconcileflag="0"/>
    <SPLIT id="S0002" reconciledate="" action="" shares="150/1" price="1/1" payee="P000007" number="" account="A000043" value="150/1" memo="" bankid="" reconcileflag="0"/>
   </SPLITS>
  </TRANSACTION>
  <TRANSACTION id="T000000000000000012" entrydate="2023-12-09" commodity="EUR" postdate="2023-06-03" memo="">
   <SPLITS>
    <SPLIT id="S0001" reconciledate="" action="" shares="1000/1" price="1/1" payee="P000006" number="" account="A000004" value="1000/1" memo="" bankid="" reconcileflag="0"/>
    <SPLIT id="S0002" reconciledate="" action="" shares="-1000/1" price="1/1" payee="P000006" number="" account="A000050" value="-1000/1" memo="" bankid="" reconcileflag="0"/>
   </SPLITS>
  </TRANSACTION>
  <TRANSACTION id="T000000000000000013" entrydate="2023-12-09" commodity="EUR" postdate="2023-06-03" memo="">
   <SPLITS>
    <SPLIT id="S0001" reconciledate="" action="" shares="500/1" price="1/1" payee="P000006" number="" account="A000004" value="500/1" memo="Prämie" bankid="" reconcileflag="0"/>
    <SPLIT id="S0002" reconciledate="" action="" shares="-500/1" price="1/1" payee="P000006" number="" account="A000051" value="-500/1" memo="Prämie" bankid="" reconcileflag="0"/>
   </SPLITS>
  </TRANSACTION>
  <TRANSACTION id="T000000000000000014" entrydate="2023-12-09" commodity="EUR" postdate="2023-06-04" memo="">
   <SPLITS>
    <SPLIT id="S0001" reconciledate="" action="" shares="-150/1" price="1/1" payee="P000007" number="" account="A000004" value="-150/1" memo="" bankid="" reconcileflag="0"/>
    <SPLIT id="S0002" reconciledate="" action="" shares="150/1" price="1/1" payee="P000007" number="" account="A000043" value="150/1" memo="" bankid="" reconcileflag="0"/>
   </SPLITS>
  </TRANSACTION>
  <TRANSACTION id="T000000000000000015" entrydate="2023-10-14" commodity="EUR" postdate="2023-10-14" memo="">
   <SPLITS>
    <SPLIT id="S0001" reconciledate="" action="" shares="-150/1" price="1/1" payee="P000003" number="" account="A000004" value="-150/1" memo="Bargeldauszahlung" bankid="" reconcileflag="0"/>
    <SPLIT id="S0002" reconciledate="" action="" shares="150/1" price="1/1" payee="P000003" number="" account="A000065" value="150/1" memo="Bargeldauszahlung" bankid="" reconcileflag="0"/>
   </SPLITS>
  </TRANSACTION>
  <TRANSACTION id="T000000000000000016" entrydate="2023-12-09" commodity="EUR" postdate="2023-10-14" memo="">
   <SPLITS>
    <SPLIT id="S0001" reconciledate="" action="" shares="-95/1" price="1/1" payee="P000008" number="" account="A000065" value="-95/1" memo="" bankid="" reconcileflag="0"/>
    <SPLIT id="S0002" reconciledate="" action="" shares="95/1" price="1/1" payee="P000008" number="" account="A000066" value="95/1" memo="" bankid="" reconcileflag="0"/>
   </SPLITS>
  </TRANSACTION>
  <TRANSACTION id="T000000000000000017" entrydate="2023-11-03" commodity="EUR" postdate="2023-10-27" memo="">
   <SPLITS>
    <SPLIT id="S0001" reconciledate="" action="" shares="-3931/2" price="1/1" payee="" number="" account="A000004" value="-3931/2" memo="" bankid="" reconcileflag="0"/>
    <SPLIT id="S0002" reconciledate="" action="" shares="21/2" price="1/1" payee="" number="" account="A000020" value="21/2" memo="" bankid="" reconcileflag="0"/>
    <SPLIT id="S0003" reconciledate="" action="Buy" shares="17/1" price="115/1" payee="" number="" account="A000064" value="1955/1" memo="" bankid="" reconcileflag="0"/>
   </SPLITS>
  </TRANSACTION>
  <TRANSACTION id="T000000000000000018" entrydate="2023-11-03" commodity="EUR" postdate="2023-11-03" memo="">
   <SPLITS>
    <SPLIT id="S0001" reconciledate="" action="" shares="-1810/1" price="1/1" payee="" number="" account="A000004" value="-1810/1" memo="" bankid="" reconcileflag="0"/>
    <SPLIT id="S0002" reconciledate="" action="" shares="10/1" price="1/1" payee="" number="" account="A000020" value="10/1" memo="" bankid="" reconcileflag="0"/>
    <SPLIT id="S0003" reconciledate="" action="Buy" shares="15/1" price="120/1" payee="" number="" account="A000063" value="1800/1" memo="" bankid="" reconcileflag="0"/>
   </SPLITS>
  </TRANSACTION>
  <TRANSACTION id="T000000000000000019" entrydate="2024-06-01" commodity="EUR" postdate="2024-06-01" memo="">
   <SPLITS>
    <SPLIT id="S0001" reconciledate="" action="Split" shares="2/1" price="1/1" payee="" number="" account="A000064" value="0/1" memo="" bankid="" reconcileflag="0"/>
   </SPLITS>
  </TRANSACTION>
 </TRANSACTIONS>
 <KEYVALUEPAIRS>
  <PAIR key="kmm-baseCurrency" value="EUR"/>
  <PAIR key="kmm-id" value="{1f7ec5d2-f982-48eb-9ae3-22095e2362ee}"/>
 </KEYVALUEPAIRS>
 <SCHEDULES count="0"/>
 <SECURITIES count="4">
  <SECURITY id="E000001" name="SAP AG" type="0" trading-currency="EUR" rounding-method="7" trading-market="XETRA" saf="100" symbol="SAP" pp="2">
   <KEYVALUEPAIRS>
    <PAIR key="kmm-online-source" value="Finanztreff"/>
    <PAIR key="kmm-security-id" value="DE0007164600"/>
   </KEYVALUEPAIRS>
  </SECURITY>
  <SECURITY id="E000002" name="Mercedes-Benz Group AG" type="0" trading-currency="EUR" rounding-method="7" trading-market="XETRA" saf="100" symbol="MBG" pp="2">
   <KEYVALUEPAIRS>
    <PAIR key="kmm-security-id" value="DE0007100000"/>
   </KEYVALUEPAIRS>
  </SECURITY>
  <SECURITY id="E000003" name="BASF SE" type="0" trading-currency="EUR" rounding-method="7" trading-market="XETRA" saf="100" symbol="BAS" pp="2">
   <KEYVALUEPAIRS>
    <PAIR key="kmm-security-id" value="DE000BASF111"/>
   </KEYVALUEPAIRS>
  </SECURITY>
  <SECURITY id="E000004" name="The Coca Cola Co." type="0" trading-currency="EUR" rounding-method="7" trading-market="XETRA" saf="100" symbol="KO" pp="2">
   <KEYVALUEPAIRS>
    <PAIR key="kmm-online-source" value="Finanztreff"/>
    <PAIR key="kmm-security-id" value="US1912161007"/>
   </KEYVALUEPAIRS>
  </SECURITY>
 </SECURITIES>
 <CURRENCIES count="2">
  <CURRENCY id="EUR" name="Euro" type="3" rounding-method="7" saf="100" scf="100" symbol="€" pp="4"/>
  <CURRENCY id="USD" name="US-Dollar" type="3" rounding-method="7" saf="100" scf="100" symbol="$" pp="4"/>
 </CURRENCIES>
 <PRICES count="4">
  <PRICEPAIR to="EUR" from="E000001">
   <PRICE date="2012-03-05" price="5139/100" source="Benutzer"/>
   <PRICE date="2023-11-03" price="120/1" source="Transaction"/>
   <PRICE date="2023-11-07" price="239/2" source="User"/>
  </PRICEPAIR>
  <PRICEPAIR to="EUR" from="E000002">
   <PRICE date="2023-10-27" price="115/1" source="Transaction"/>
   <PRICE date="2023-11-01" price="233/2" source="User"/>
   <PRICE date="2024-06-01" price="233/4" source="User"/>
  </PRICEPAIR>
  <PRICEPAIR to="EUR" from="E000003">
   <PRICE date="2023-03-06" price="8651/200" source="Benutzer"/>
   <PRICE date="2023-04-01" price="45/1" source="Benutzer"/>
   <PRICE date="2023-05-01" price="451/10" source="Benutzer"/>
   <PRICE date="2023-06-01" price="226/5" source="Benutzer"/>
   <PRICE date="2023-07-01" price="453/10" source="Benutzer"/>
   <PRICE date="2023-08-01" price="459/10" source="Benutzer"/>
   <PRICE date="2023-09-01" price="46/1" source="Benutzer"/>
   <PRICE date="2023-10-01" price="461/10" source="Benutzer"/>
   <PRICE date="2023-11-01" price="231/5" source="Benutzer"/>
   <PRICE date="2023-12-01" price="463/10" source="Benutzer"/>
  </PRICEPAIR>
  <PRICEPAIR to="EUR" from="USD">
   <PRICE date="2023-11-01" price="91/100" source="Benutzer"/>
   <PRICE date="2023-12-01" price="23/25" source="Benutzer"/>
   <PRICE date="2023-12-04" price="23/25" source="User"/>
   <PRICE date="2024-01-01" price="93/100" source="Benutzer"/>
  </PRICEPAIR>
 </PRICES>
 <REPORTS count="0"/>
 <BUDGETS count="0"/>
 <ONLINEJOBS count="0"/>
</KMYMONEY-FILE>
