<?xml version="1.0" encoding="utf-8"?>
<!DOCTYPE KMYMONEY-FILE>
<KMYMONEY-FILE>
 <FILEINFO>
  <CREATION_DATE date="2023-10-14"/>
  <LAST_MODIFIED_DATE date="2024-02-21"/>
  <VERSION id="1"/>
  <FIXVERSION id="5"/>
 </FILEINFO>
 <USER email="" name="John Doe">
  <ADDRESS street="" telephone="" zipcode="" city="" county=""/>
 </USER>
 <INSTITUTIONS count="1">
  <INSTITUTION id="I000001" sortcode="" manager="" name="RaiBa">
   <ADDRESS street="" zip="" telephone="" city=""/>
   <ACCOUNTIDS>
    <ACCOUNTID id="A000004"/>
    <ACCOUNTID id="A000005"/>
    <ACCOUNTID id="A000062"/>
   </ACCOUNTIDS>
   <KEYVALUEPAIRS>
    <PAIR value="" key="bic"/>
    <PAIR value="" key="url"/>
   </KEYVALUEPAIRS>
  </INSTITUTION>
 </INSTITUTIONS>
 <PAYEES count="9">
  <PAYEE id="P000001" email="" reference="" matchingenabled="0" name="Eingang">
   <ADDRESS postcode="" street="" state="" telephone="" city=""/>
  </PAYEE>
  <PAYEE id="P000002" email="" reference="" matchingenabled="0" name="Gehalt">
   <ADDRESS postcode="" street="" state="" telephone="" city=""/>
  </PAYEE>
  <PAYEE id="P000003" email="" reference="" matchingenabled="0" name="Geldautomat">
   <ADDRESS postcode="" street="" state="" telephone="" city=""/>
  </PAYEE>
  <PAYEE id="P000004" email="" reference="" matchingenabled="0" name="Eröffnungssaldo">
   <ADDRESS postcode="" street="" state="" telephone="" city=""/>
  </PAYEE>
  <PAYEE id="P000005" notes="Pezi-Bär von der Urania kennt ihn gut" email="fuerchtegott.schnorzelmoeller@prater.at" reference="" matchingenabled="0" name="Fürchtegott Schnorzelmöller">
   <ADDRESS postcode="1136" street="Krailbacher Gasse 123 a&#xa;Postfach ABC&#xa;Kennwort Kasperlpost" state="Österreich" telephone="+43 - 12 - 277278279" city="Wien"/>
  </PAYEE>
  <PAYEE id="P000006" email="" reference="" matchingenabled="0" name="Unfug &amp; Quatsch">
   <ADDRESS postcode="" street="" state="" telephone="" city=""/>
  </PAYEE>
  <PAYEE id="P000007" email="" reference="" matchingenabled="0" name="Vermietomat GmbH">
   <ADDRESS postcode="" street="" state="" telephone="" city=""/>
  </PAYEE>
  <PAYEE id="P000008" email="" reference="" matchingenabled="0" name="Haushaltsgeld">
   <ADDRESS postcode="" street="" state="" telephone="" city=""/>
  </PAYEE>
  <PAYEE id="P000009" email="" reference="" matchingenabled="0" name="Hubers KIosk">
   <ADDRESS postcode="" street="" state="" telephone="" city=""/>
  </PAYEE>
 </PAYEES>
 <COSTCENTERS count="0"/>
 <TAGS count="0"/>
 <ACCOUNTS count="74">
  <ACCOUNT lastreconciled="" id="AStd::Asset" description="" currency="EUR" parentaccount="" lastmodified="" opened="" type="9" number="" name="Asset" institution="">
   <SUBACCOUNTS>
    <SUBACCOUNT id="A000002"/>
    <SUBACCOUNT id="A000061"/>
   </SUBACCOUNTS>
  </ACCOUNT>
  <ACCOUNT lastreconciled="" id="AStd::Liability" description="" currency="EUR" parentaccount="" lastmodified="" opened="" type="10" number="" name="Liability" institution="">
   <SUBACCOUNTS>
    <SUBACCOUNT id="A000058"/>
   </SUBACCOUNTS>
  </ACCOUNT>
  <ACCOUNT lastreconciled="" id="AStd::Expense" description="" currency="EUR" parentaccount="" lastmodified="" opened="" type="13" number="" name="Expense" institution="">
   <SUBACCOUNTS>
    <SUBACCOUNT id="A000006"/>
    <SUBACCOUNT id="A000011"/>
    <SUBACCOUNT id="A000012"/>
    <SUBACCOUNT id="A000014"/>
    <SUBACCOUNT id="A000015"/>
    <SUBACCOUNT id="A000016"/>
    <SUBACCOUNT id="A000017"/>
    <SUBACCOUNT id="A000018"/>
    <SUBACCOUNT id="A000019"/>
    <SUBACCOUNT id="A000022"/>
    <SUBACCOUNT id="A000023"/>
    <SUBACCOUNT id="A000030"/>
    <SUBACCOUNT id="A000034"/>
    <SUBACCOUNT id="A000039"/>
    <SUBACCOUNT id="A000042"/>
   </SUBACCOUNTS>
  </ACCOUNT>
  <ACCOUNT lastreconciled="" id="AStd::Income" description="" currency="EUR" parentaccount="" lastmodified="" opened="" type="12" number="" name="Income" institution="">
   <SUBACCOUNTS>
    <SUBACCOUNT id="A000049"/>
    <SUBACCOUNT id="A000052"/>
    <SUBACCOUNT id="A000053"/>
    <SUBACCOUNT id="A000068"/>
   </SUBACCOUNTS>
  </ACCOUNT>
  <ACCOUNT lastreconciled="" id="AStd::Equity" description="" currency="EUR" parentaccount="" lastmodified="" opened="" type="16" number="" name="Equity" institution=""/>
  <ACCOUNT lastreconciled="" id="A000002" description="" currency="EUR" parentaccount="AStd::Asset" lastmodified="" opened="2023-10-14" type="9" number="" name="Barvermögen" institution="">
   <SUBACCOUNTS>
    <SUBACCOUNT id="A000003"/>
    <SUBACCOUNT id="A000004"/>
    <SUBACCOUNT id="A000005"/>
   </SUBACCOUNTS>
  </ACCOUNT>
  <ACCOUNT lastreconciled="" id="A000003" description="" currency="EUR" parentaccount="A000002" lastmodified="2023-12-09" opened="2023-10-14" type="3" number="" name="Bargeld" institution="">
   <SUBACCOUNTS>
    <SUBACCOUNT id="A000065"/>
    <SUBACCOUNT id="A000066"/>
   </SUBACCOUNTS>
  </ACCOUNT>
  <ACCOUNT lastreconciled="" id="A000004" description="Girokonto 1" currency="EUR" parentaccount="A000002" lastmodified="2023-12-09" opened="2023-01-01" type="1" number="" name="Giro RaiBa" institution="I000001">
   <KEYVALUEPAIRS>
    <PAIR value="1" key="lastNumberUsed"/>
   </KEYVALUEPAIRS>
  </ACCOUNT>
  <ACCOUNT lastreconciled="" id="A000005" description="" currency="EUR" parentaccount="A000002" lastmodified="" opened="2023-10-14" type="1" number="" name="Spar RaiBa" institution="I000001"/>
  <ACCOUNT lastreconciled="" id="A000006" description="" currency="EUR" parentaccount="AStd::Expense" lastmodified="" opened="1900-01-01" type="13" number="" name="Bildung" institution="">
   <SUBACCOUNTS>
    <SUBACCOUNT id="A000007"/>
    <SUBACCOUNT id="A000008"/>
    <SUBACCOUNT id="A000009"/>
    <SUBACCOUNT id="A000010"/>
   </SUBACCOUNTS>
  </ACCOUNT>
  <ACCOUNT lastreconciled="" id="A000007" description="" currency="EUR" parentaccount="A000006" lastmodified="" opened="1900-01-01" type="13" number="" name="Abonnements" institution=""/>
  <ACCOUNT lastreconciled="" id="A000008" description="" currency="EUR" parentaccount="A000006" lastmodified="" opened="1900-01-01" type="13" number="" name="Bücher" institution=""/>
  <ACCOUNT lastreconciled="" id="A000009" description="" currency="EUR" parentaccount="A000006" lastmodified="" opened="1900-01-01" type="13" number="" name="Büroartikel" institution=""/>
  <ACCOUNT lastreconciled="" id="A000010" description="" currency="EUR" parentaccount="A000006" lastmodified="" opened="1900-01-01" type="13" number="" name="Zeitungen" institution=""/>
  <ACCOUNT lastreconciled="" id="A000011" description="" currency="EUR" parentaccount="AStd::Expense" lastmodified="" opened="1900-01-01" type="13" number="" name="Computer" institution=""/>
  <ACCOUNT lastreconciled="" id="A000012" description="" currency="EUR" parentaccount="AStd::Expense" lastmodified="" opened="1900-01-01" type="13" number="" name="Fahrtkosten" institution="">
   <SUBACCOUNTS>
    <SUBACCOUNT id="A000013"/>
   </SUBACCOUNTS>
  </ACCOUNT>
  <ACCOUNT lastreconciled="" id="A000013" description="" currency="EUR" parentaccount="A000012" lastmodified="" opened="1900-01-01" type="13" number="" name="Fahrkarten" institution=""/>
  <ACCOUNT lastreconciled="" id="A000014" description="" currency="EUR" parentaccount="AStd::Expense" lastmodified="" opened="1900-01-01" type="13" number="" name="Geschenke" institution=""/>
  <ACCOUNT lastreconciled="" id="A000015" description="" currency="EUR" parentaccount="AStd::Expense" lastmodified="" opened="1900-01-01" type="13" number="" name="Hobbies" institution=""/>
  <ACCOUNT lastreconciled="" id="A000016" description="" currency="EUR" parentaccount="AStd::Expense" lastmodified="" opened="1900-01-01" type="13" number="" name="Kleidung" institution=""/>
  <ACCOUNT lastreconciled="" id="A000017" description="" currency="EUR" parentaccount="AStd::Expense" lastmodified="" opened="1900-01-01" type="13" number="" name="Lebensmittel" institution=""/>
  <ACCOUNT lastreconciled="" id="A000018" description="" currency="EUR" parentaccount="AStd::Expense" lastmodified="" opened="1900-01-01" type="13" number="" name="Medikamente" institution=""/>
  <ACCOUNT lastreconciled="" id="A000019" description="" currency="EUR" parentaccount="AStd::Expense" lastmodified="" opened="1900-01-01" type="13" number="" name="Sonstiges" institution="">
   <SUBACCOUNTS>
    <SUBACCOUNT id="A000020"/>
    <SUBACCOUNT id="A000021"/>
   </SUBACCOUNTS>
  </ACCOUNT>
  <ACCOUNT lastreconciled="" id="A000020" description="" currency="EUR" parentaccount="A000019" lastmodified="2023-11-03" opened="1900-01-01" type="13" number="" name="Bankgebühren" institution=""/>
  <ACCOUNT lastreconciled="" id="A000021" description="" currency="EUR" parentaccount="A000019" lastmodified="" opened="1900-01-01" type="13" number="" name="Sonstiges" institution=""/>
  <ACCOUNT lastreconciled="" id="A000022" description="" currency="EUR" parentaccount="AStd::Expense" lastmodified="" opened="1900-01-01" type="13" number="" name="Spenden" institution=""/>
  <ACCOUNT lastreconciled="" id="A000023" description="" currency="EUR" parentaccount="AStd::Expense" lastmodified="" opened="1900-01-01" type="13" number="" name="Steuern" institution="">
   <SUBACCOUNTS>
    <SUBACCOUNT id="A000024"/>
    <SUBACCOUNT id="A000025"/>
    <SUBACCOUNT id="A000026"/>
    <SUBACCOUNT id="A000027"/>
    <SUBACCOUNT id="A000028"/>
    <SUBACCOUNT id="A000029"/>
    <SUBACCOUNT id="A000067"/>
   </SUBACCOUNTS>
  </ACCOUNT>
  <ACCOUNT lastreconciled="" id="A000024" description="" currency="EUR" parentaccount="A000023" lastmodified="" opened="1900-01-01" type="13" number="" name="Einkommensteuer" institution=""/>
  <ACCOUNT lastreconciled="" id="A000025" description="" currency="EUR" parentaccount="A000023" lastmodified="" opened="1900-01-01" type="13" number="" name="Pflegeversicherung" institution=""/>
  <ACCOUNT lastreconciled="" id="A000026" description="" currency="EUR" parentaccount="A000023" lastmodified="" opened="1900-01-01" type="13" number="" name="Rentenversicherung" institution=""/>
  <ACCOUNT lastreconciled="" id="A000027" description="" currency="EUR" parentaccount="A000023" lastmodified="" opened="1900-01-01" type="13" number="" name="Solidaritätszuschlag" institution=""/>
  <ACCOUNT lastreconciled="" id="A000028" description="" currency="EUR" parentaccount="A000023" lastmodified="" opened="1900-01-01" type="13" number="" name="Sonstige" institution=""/>
  <ACCOUNT lastreconciled="" id="A000029" description="" currency="EUR" parentaccount="A000023" lastmodified="" opened="1900-01-01" type="13" number="" name="Sozialabgaben" institution=""/>
  <ACCOUNT lastreconciled="" id="A000030" description="" currency="EUR" parentaccount="AStd::Expense" lastmodified="" opened="1900-01-01" type="13" number="" name="Telekommunikation" institution="">
   <SUBACCOUNTS>
    <SUBACCOUNT id="A000031"/>
    <SUBACCOUNT id="A000032"/>
    <SUBACCOUNT id="A000033"/>
   </SUBACCOUNTS>
  </ACCOUNT>
  <ACCOUNT lastreconciled="" id="A000031" description="" currency="EUR" parentaccount="A000030" lastmodified="" opened="1900-01-01" type="13" number="" name="Fernsehen" institution=""/>
  <ACCOUNT lastreconciled="" id="A000032" description="" currency="EUR" parentaccount="A000030" lastmodified="" opened="1900-01-01" type="13" number="" name="Online-Dienste" institution=""/>
  <ACCOUNT lastreconciled="" id="A000033" description="" currency="EUR" parentaccount="A000030" lastmodified="" opened="1900-01-01" type="13" number="" name="Telefon" institution=""/>
  <ACCOUNT lastreconciled="" id="A000034" description="" currency="EUR" parentaccount="AStd::Expense" lastmodified="" opened="1900-01-01" type="13" number="" name="Unterhaltung" institution="">
   <SUBACCOUNTS>
    <SUBACCOUNT id="A000035"/>
    <SUBACCOUNT id="A000036"/>
    <SUBACCOUNT id="A000037"/>
    <SUBACCOUNT id="A000038"/>
   </SUBACCOUNTS>
  </ACCOUNT>
  <ACCOUNT lastreconciled="" id="A000035" description="" currency="EUR" parentaccount="A000034" lastmodified="" opened="1900-01-01" type="13" number="" name="Ausgehen" institution=""/>
  <ACCOUNT lastreconciled="" id="A000036" description="" currency="EUR" parentaccount="A000034" lastmodified="" opened="1900-01-01" type="13" number="" name="Musik/Kino" institution=""/>
  <ACCOUNT lastreconciled="" id="A000037" description="" currency="EUR" parentaccount="A000034" lastmodified="" opened="1900-01-01" type="13" number="" name="Reisen" institution=""/>
  <ACCOUNT lastreconciled="" id="A000038" description="" currency="EUR" parentaccount="A000034" lastmodified="" opened="1900-01-01" type="13" number="" name="Sport" institution=""/>
  <ACCOUNT lastreconciled="" id="A000039" description="" currency="EUR" parentaccount="AStd::Expense" lastmodified="" opened="1900-01-01" type="13" number="" name="Versicherungen" institution="">
   <SUBACCOUNTS>
    <SUBACCOUNT id="A000040"/>
    <SUBACCOUNT id="A000041"/>
   </SUBACCOUNTS>
  </ACCOUNT>
  <ACCOUNT lastreconciled="" id="A000040" description="" currency="EUR" parentaccount="A000039" lastmodified="" opened="1900-01-01" type="13" number="" name="Haftpflicht" institution=""/>
  <ACCOUNT lastreconciled="" id="A000041" description="" currency="EUR" parentaccount="A000039" lastmodified="" opened="1900-01-01" type="13" number="" name="Krankenversicherung" institution=""/>
  <ACCOUNT lastreconciled="" id="A000042" description="" currency="EUR" parentaccount="AStd::Expense" lastmodified="" opened="1900-01-01" type="13" number="" name="Wohnen" institution="">
   <SUBACCOUNTS>
    <SUBACCOUNT id="A000043"/>
    <SUBACCOUNT id="A000044"/>
   </SUBACCOUNTS>
  </ACCOUNT>
  <ACCOUNT lastreconciled="" id="A000043" description="" currency="EUR" parentaccount="A000042" lastmodified="2023-12-09" opened="1900-01-01" type="13" number="" name="Miete" institution=""/>
  <ACCOUNT lastreconciled="" id="A000044" description="" currency="EUR" parentaccount="A000042" lastmodified="" opened="1900-01-01" type="13" number="" name="Nebenkosten" institution="">
   <SUBACCOUNTS>
    <SUBACCOUNT id="A000045"/>
    <SUBACCOUNT id="A000046"/>
    <SUBACCOUNT id="A000047"/>
    <SUBACCOUNT id="A000048"/>
   </SUBACCOUNTS>
  </ACCOUNT>
  <ACCOUNT lastreconciled="" id="A000045" description="" currency="EUR" parentaccount="A000044" lastmodified="" opened="1900-01-01" type="13" number="" name="Abfall" institution=""/>
  <ACCOUNT lastreconciled="" id="A000046" description="" currency="EUR" parentaccount="A000044" lastmodified="" opened="1900-01-01" type="13" number="" name="Gas" institution=""/>
  <ACCOUNT lastreconciled="" id="A000047" description="" currency="EUR" parentaccount="A000044" lastmodified="" opened="1900-01-01" type="13" number="" name="Strom" institution=""/>
  <ACCOUNT lastreconciled="" id="A000048" description="" currency="EUR" parentaccount="A000044" lastmodified="" opened="1900-01-01" type="13" number="" name="Wasser" institution=""/>
  <ACCOUNT lastreconciled="" id="A000049" description="" currency="EUR" parentaccount="AStd::Income" lastmodified="" opened="1900-01-01" type="12" number="" name="Gehalt" institution="">
   <SUBACCOUNTS>
    <SUBACCOUNT id="A000050"/>
    <SUBACCOUNT id="A000051"/>
   </SUBACCOUNTS>
  </ACCOUNT>
  <ACCOUNT lastreconciled="" id="A000050" description="" currency="EUR" parentaccount="A000049" lastmodified="2023-12-09" opened="1900-01-01" type="12" number="" name="Gehalt" institution=""/>
  <ACCOUNT lastreconciled="" id="A000051" description="" currency="EUR" parentaccount="A000049" lastmodified="2023-12-09" opened="1900-01-01" type="12" number="" name="Zulagen" institution=""/>
  <ACCOUNT lastreconciled="" id="A000052" description="" currency="EUR" parentaccount="AStd::Income" lastmodified="" opened="1900-01-01" type="12" number="" name="Geschenke" institution=""/>
  <ACCOUNT lastreconciled="" id="A000053" description="" currency="EUR" parentaccount="AStd::Income" lastmodified="2023-11-03" opened="1900-01-01" type="12" number="" name="Sonstiges" institution=""/>
  <ACCOUNT lastreconciled="" id="A000054" description="" currency="EUR" parentaccount="A000068" lastmodified="" opened="1900-01-01" type="12" number="" name="Zinsen" institution="">
   <SUBACCOUNTS>
    <SUBACCOUNT id="A000055"/>
    <SUBACCOUNT id="A000056"/>
    <SUBACCOUNT id="A000057"/>
   </SUBACCOUNTS>
  </ACCOUNT>
  <ACCOUNT lastreconciled="" id="A000055" description="" currency="EUR" parentaccount="A000054" lastmodified="" opened="1900-01-01" type="12" number="" name="Girokonto" institution=""/>
  <ACCOUNT lastreconciled="" id="A000056" description="" currency="EUR" parentaccount="A000054" lastmodified="" opened="1900-01-01" type="12" number="" name="Sonstige" institution=""/>
  <ACCOUNT lastreconciled="" id="A000057" description="" currency="EUR" parentaccount="A000054" lastmodified="" opened="1900-01-01" type="12" number="" name="Sparkonto" institution=""/>
  <ACCOUNT lastreconciled="" id="A000058" description="" currency="EUR" parentaccount="AStd::Liability" lastmodified="" opened="2023-10-14" type="10" number="" name="Barverbindlichkeiten" institution="">
   <SUBACCOUNTS>
    <SUBACCOUNT id="A000059"/>
   </SUBACCOUNTS>
  </ACCOUNT>
  <ACCOUNT lastreconciled="" id="A000059" description="" currency="EUR" parentaccount="A000058" lastmodified="" opened="2023-10-14" type="4" number="" name="Kreditkarte" institution=""/>
  <ACCOUNT lastreconciled="" id="A000061" description="" currency="EUR" parentaccount="AStd::Asset" lastmodified="" opened="2023-01-01" type="9" number="" name="Finanzanlagen" institution="">
   <SUBACCOUNTS>
    <SUBACCOUNT id="A000062"/>
   </SUBACCOUNTS>
   <KEYVALUEPAIRS>
    <PAIR value="" key="iban"/>
   </KEYVALUEPAIRS>
  </ACCOUNT>
  <ACCOUNT lastreconciled="" id="A000062" description="Aktiendepot 1" currency="EUR" parentaccount="A000061" lastmodified="" opened="2023-01-01" type="7" number="" name="Depot RaiBa" institution="I000001">
   <SUBACCOUNTS>
    <SUBACCOUNT id="A000063"/>
    <SUBACCOUNT id="A000064"/>
   </SUBACCOUNTS>
  </ACCOUNT>
  <ACCOUNT lastreconciled="" id="A000063" description="" currency="E000001" parentaccount="A000062" lastmodified="2023-11-03" opened="2023-11-03" type="15" number="" name="DE0007164600 SAP" institution=""/>
  <ACCOUNT lastreconciled="" id="A000064" description="" currency="E000002" parentaccount="A000062" lastmodified="2023-11-03" opened="2023-10-27" type="15" number="" name="DE0007100000 Mercedes-Benz Group AG" institution=""/>
  <ACCOUNT lastreconciled="" id="A000065" description="" currency="EUR" parentaccount="A000003" lastmodified="2023-12-09" opened="2023-01-01" type="3" number="" name="Kasse Bodo" institution="">
   <KEYVALUEPAIRS>
    <PAIR value="" key="iban"/>
   </KEYVALUEPAIRS>
  </ACCOUNT>
  <ACCOUNT lastreconciled="" id="A000066" description="" currency="EUR" parentaccount="A000003" lastmodified="2023-12-09" opened="2023-01-01" type="3" number="" name="Kasse Ada" institution="">
   <KEYVALUEPAIRS>
    <PAIR value="" key="iban"/>
   </KEYVALUEPAIRS>
  </ACCOUNT>
  <ACCOUNT lastreconciled="" id="A000067" description="" currency="EUR" parentaccount="A000023" lastmodified="" opened="1900-01-01" type="13" number="" name="Kapitalertrag" institution=""/>
  <ACCOUNT lastreconciled="" id="A000068" description="" currency="EUR" parentaccount="AStd::Income" lastmodified="" opened="1900-01-01" type="12" number="" name="Kapitalerträge" institution="">
   <SUBACCOUNTS>
    <SUBACCOUNT id="A000054"/>
    <SUBACCOUNT id="A000069"/>
   </SUBACCOUNTS>
  </ACCOUNT>
  <ACCOUNT lastreconciled="" id="A000069" description="" currency="EUR" parentaccount="A000068" lastmodified="" opened="1900-01-01" type="12" number="" name="Dividende" institution="">
   <SUBACCOUNTS>
    <SUBACCOUNT id="A000070"/>
    <SUBACCOUNT id="A000071"/>
   </SUBACCOUNTS>
  </ACCOUNT>
  <ACCOUNT lastreconciled="" id="A000070" description="" currency="EUR" parentaccount="A000069" lastmodified="" opened="1900-01-01" type="12" number="" name="Inland" institution=""/>
  <ACCOUNT lastreconciled="" id="A000071" description="" currency="EUR" parentaccount="A000069" lastmodified="" opened="1900-01-01" type="12" number="" name="Ausland" institution=""/>
 </ACCOUNTS>
 <TRANSACTIONS count="18">
  <TRANSACTION id="T000000000000000001" entrydate="2023-11-03" commodity="EUR" postdate="2023-01-01" memo="">
   <SPLITS>
    <SPLIT shares="10000/1" id="S0001" reconcileflag="0" bankid="" reconciledate="" action="" payee="P000004" value="10000/1" account="A000004" price="1/1" number="" memo=""/>
    <SPLIT shares="-10000/1" id="S0002" reconcileflag="0" bankid="" reconciledate="" action="" payee="P000004" value="-10000/1" account="A000053" price="1/1" number="" memo=""/>
   </SPLITS>
  </TRANSACTION>
  <TRANSACTION id="T000000000000000002" entrydate="2023-10-14" commodity="EUR" postdate="2023-01-03" memo="">
   <SPLITS>
    <SPLIT shares="1000/1" id="S0001" reconcileflag="0" bankid="" reconciledate="" action="" payee="P000006" value="1000/1" account="A000004" price="1/1" number="" memo="Unfug und Quatsch GmbH Gehalt"/>
    <SPLIT shares="-1000/1" id="S0002" reconcileflag="0" bankid="" reconciledate="" action="" payee="P000006" value="-1000/1" account="A000050" price="1/1" number="" memo="Unfug und Quatsch GmbH Gehalt"/>
   </SPLITS>
  </TRANSACTION>
  <TRANSACTION id="T000000000000000003" entrydate="2023-12-09" commodity="EUR" postdate="2023-01-04" memo="">
   <SPLITS>
    <SPLIT shares="-150/1" id="S0001" reconcileflag="0" bankid="" reconciledate="" action="" payee="P000007" value="-150/1" account="A000004" price="1/1" number="" memo=""/>
    <SPLIT shares="150/1" id="S0002" reconcileflag="0" bankid="" reconciledate="" action="" payee="P000007" value="150/1" account="A000043" price="1/1" number="" memo=""/>
   </SPLITS>
  </TRANSACTION>
  <TRANSACTION id="T000000000000000004" entrydate="2023-12-09" commodity="EUR" postdate="2023-02-03" memo="">
   <SPLITS>
    <SPLIT shares="1000/1" id="S0001" reconcileflag="0" bankid="" reconciledate="" action="" payee="P000006" value="1000/1" account="A000004" price="1/1" number="" memo=""/>
    <SPLIT shares="-1000/1" id="S0002" reconcileflag="0" bankid="" reconciledate="" action="" payee="P000006" value="-1000/1" account="A000050" price="1/1" number="" memo=""/>
   </SPLITS>
  </TRANSACTION>
  <TRANSACTION id="T000000000000000005" entrydate="2023-12-09" commodity="EUR" postdate="2023-02-04" memo="">
   <SPLITS>
    <SPLIT shares="-150/1" id="S0001" reconcileflag="0" bankid="" reconciledate="" action="" payee="P000007" value="-150/1" account="A000004" price="1/1" number="" memo=""/>
    <SPLIT shares="150/1" id="S0002" reconcileflag="0" bankid="" reconciledate="" action="" payee="P000007" value="150/1" account="A000043" price="1/1" number="" memo=""/>
   </SPLITS>
  </TRANSACTION>
  <TRANSACTION id="T000000000000000006" entrydate="2023-12-09" commodity="EUR" postdate="2023-03-03" memo="">
   <SPLITS>
    <SPLIT shares="1000/1" id="S0001" reconcileflag="0" bankid="" reconciledate="" action="" payee="P000006" value="1000/1" account="A000004" price="1/1" number="" memo=""/>
    <SPLIT shares="-1000/1" id="S0002" reconcileflag="0" bankid="" reconciledate="" action="" payee="P000006" value="-1000/1" account="A000050" price="1/1" number="" memo=""/>
   </SPLITS>
  </TRANSACTION>
  <TRANSACTION id="T000000000000000007" entrydate="2023-12-09" commodity="EUR" postdate="2023-03-04" memo="">
   <SPLITS>
    <SPLIT shares="-150/1" id="S0001" reconcileflag="0" bankid="" reconciledate="" action="" payee="P000007" value="-150/1" account="A000004" price="1/1" number="" memo=""/>
    <SPLIT shares="150/1" id="S0002" reconcileflag="0" bankid="" reconciledate="" action="" payee="P000007" value="150/1" account="A000043" price="1/1" number="" memo=""/>
   </SPLITS>
  </TRANSACTION>
  <TRANSACTION id="T000000000000000008" entrydate="2023-12-09" commodity="EUR" postdate="2023-04-03" memo="">
   <SPLITS>
    <SPLIT shares="1000/1" id="S0001" reconcileflag="0" bankid="" reconciledate="" action="" payee="P000006" value="1000/1" account="A000004" price="1/1" number="" memo=""/>
    <SPLIT shares="-1000/1" id="S0002" reconcileflag="0" bankid="" reconciledate="" action="" payee="P000006" value="-1000/1" account="A000050" price="1/1" number="" memo=""/>
   </SPLITS>
  </TRANSACTION>
  <TRANSACTION id="T000000000000000009" entrydate="2023-12-09" commodity="EUR" postdate="2023-04-04" memo="">
   <SPLITS>
    <SPLIT shares="-150/1" id="S0001" reconcileflag="0" bankid="" reconciledate="" action="" payee="P000007" value="-150/1" account="A000004" price="1/1" number="" memo=""/>
    <SPLIT shares="150/1" id="S0002" reconcileflag="0" bankid="" reconciledate="" action="" payee="P000007" value="150/1" account="A000043" price="1/1" number="" memo=""/>
   </SPLITS>
  </TRANSACTION>
  <TRANSACTION id="T000000000000000010" entrydate="2023-12-09" commodity="EUR" postdate="2023-05-03" memo="">
   <SPLITS>
    <SPLIT shares="1000/1" id="S0001" reconcileflag="0" bankid="" reconciledate="" action="" payee="P000006" value="1000/1" account="A000004" price="1/1" number="" memo=""/>
    <SPLIT shares="-1000/1" id="S0002" reconcileflag="0" bankid="" reconciledate="" action="" payee="P000006" value="-1000/1" account="A000050" price="1/1" number="" memo=""/>
   </SPLITS>
  </TRANSACTION>
  <TRANSACTION id="T000000000000000011" entrydate="2023-12-09" commodity="EUR" postdate="2023-05-04" memo="">
   <SPLITS>
    <SPLIT shares="-150/1" id="S0001" reconcileflag="0" bankid="" reconciledate="" action="" payee="P000007" value="-150/1" account="A000004" price="1/1" number="" memo=""/>
    <SPLIT shares="150/1" id="S0002" reconcileflag="0" bankid="" reconciledate="" action="" payee="P000007" value="150/1" account="A000043" price="1/1" number="" memo=""/>
   </SPLITS>
  </TRANSACTION>
  <TRANSACTION id="T000000000000000012" entrydate="2023-12-09" commodity="EUR" postdate="2023-06-03" memo="">
   <SPLITS>
    <SPLIT shares="1000/1" id="S0001" reconcileflag="0" bankid="" reconciledate="" action="" payee="P000006" value="1000/1" account="A000004" price="1/1" number="" memo=""/>
    <SPLIT shares="-1000/1" id="S0002" reconcileflag="0" bankid="" reconciledate="" action="" payee="P000006" value="-1000/1" account="A000050" price="1/1" number="" memo=""/>
   </SPLITS>
  </TRANSACTION>
  <TRANSACTION id="T000000000000000013" entrydate="2023-12-09" commodity="EUR" postdate="2023-06-03" memo="">
   <SPLITS>
    <SPLIT shares="500/1" id="S0001" reconcileflag="0" bankid="" reconciledate="" action="" payee="P000006" value="500/1" account="A000004" price="1/1" number="" memo="Prämie"/>
    <SPLIT shares="-500/1" id="S0002" reconcileflag="0" bankid="" reconciledate="" action="" payee="P000006" value="-500/1" account="A000051" price="1/1" number="" memo="Prämie"/>
   </SPLITS>
  </TRANSACTION>
  <TRANSACTION id="T000000000000000014" entrydate="2023-12-09" commodity="EUR" postdate="2023-06-04" memo="">
   <SPLITS>
    <SPLIT shares="-150/1" id="S0001" reconcileflag="0" bankid="" reconciledate="" action="" payee="P000007" value="-150/1" account="A000004" price="1/1" number="" memo=""/>
    <SPLIT shares="150/1" id="S0002" reconcileflag="0" bankid="" reconciledate="" action="" payee="P000007" value="150/1" account="A000043" price="1/1" number="" memo=""/>
   </SPLITS>
  </TRANSACTION>
  <TRANSACTION id="T000000000000000015" entrydate="2023-10-14" commodity="EUR" postdate="2023-10-14" memo="">
   <SPLITS>
    <SPLIT shares="-150/1" id="S0001" reconcileflag="0" bankid="" reconciledate="" action="" payee="P000003" value="-150/1" account="A000004" price="1/1" number="" memo="Bargeldauszahlung"/>
    <SPLIT shares="150/1" id="S0002" reconcileflag="0" bankid="" reconciledate="" action="" payee="P000003" value="150/1" account="A000065" price="1/1" number="" memo="Bargeldauszahlung"/>
   </SPLITS>
  </TRANSACTION>
  <TRANSACTION id="T000000000000000016" entrydate="2023-12-09" commodity="EUR" postdate="2023-10-14" memo="">
   <SPLITS>
    <SPLIT shares="-95/1" id="S0001" reconcileflag="0" bankid="" reconciledate="" action="" payee="P000008" value="-95/1" account="A000065" price="1/1" number="" memo=""/>
    <SPLIT shares="95/1" id="S0002" reconcileflag="0" bankid="" reconciledate="" action="" payee="P000008" value="95/1" account="A000066" price="1/1" number="" memo=""/>
   </SPLITS>
  </TRANSACTION>
  <TRANSACTION id="T000000000000000017" entrydate="2023-11-03" commodity="EUR" postdate="2023-10-27" memo="">
   <SPLITS>
    <SPLIT shares="-3931/2" id="S0001" reconcileflag="0" bankid="" reconciledate="" action="" payee="" value="-3931/2" account="A000004" price="1/1" number="" memo=""/>
    <SPLIT shares="21/2" id="S0002" reconcileflag="0" bankid="" reconciledate="" action="" payee="" value="21/2" account="A000020" price="1/1" number="" memo=""/>
    <SPLIT shares="17/1" id="S0003" reconcileflag="0" bankid="" reconciledate="" action="Buy" payee="" value="1955/1" account="A000064" price="115/1" number="" memo=""/>
   </SPLITS>
  </TRANSACTION>
  <TRANSACTION id="T000000000000000018" entrydate="2023-11-03" commodity="EUR" postdate="2023-11-03" memo="">
   <SPLITS>
    <SPLIT shares="-1810/1" id="S0001" reconcileflag="0" bankid="" reconciledate="" action="" payee="" value="-1810/1" account="A000004" price="1/1" number="" memo=""/>
    <SPLIT shares="10/1" id="S0002" reconcileflag="0" bankid="" reconciledate="" action="" payee="" value="10/1" account="A000020" price="1/1" number="" memo=""/>
    <SPLIT shares="15/1" id="S0003" reconcileflag="0" bankid="" reconciledate="" action="Buy" payee="" value="1800/1" account="A000063" price="120/1" number="" memo=""/>
   </SPLITS>
  </TRANSACTION>
 </TRANSACTIONS>
 <KEYVALUEPAIRS>
  <PAIR value="EUR" key="kmm-baseCurrency"/>
  <PAIR value="{1f7ec5d2-f982-48eb-9ae3-22095e2362ee}" key="kmm-id"/>
 </KEYVALUEPAIRS>
 <SCHEDULES count="0"/>
 <SECURITIES count="2">
  <SECURITY id="E000001" rounding-method="7" trading-currency="EUR" symbol="SAP" saf="100" type="0" pp="2" name="SAP AG" trading-market="XETRA">
   <KEYVALUEPAIRS>
    <PAIR value="DE0007164600" key="kmm-security-id"/>
   </KEYVALUEPAIRS>
  </SECURITY>
  <SECURITY id="E000002" rounding-method="7" trading-currency="EUR" symbol="MBG" saf="100" type="0" pp="2" name="Mercedes-Benz Group AG" trading-market="XETRA">
   <KEYVALUEPAIRS>
    <PAIR value="DE0007100000" key="kmm-security-id"/>
   </KEYVALUEPAIRS>
  </SECURITY>
 </SECURITIES>
 <CURRENCIES count="2">
  <CURRENCY id="EUR" rounding-method="7" symbol="€" saf="100" type="3" pp="4" name="Euro" scf="100"/>
  <CURRENCY id="USD" rounding-method="7" symbol="$" saf="100" type="3" pp="4" name="US Dollar" scf="100"/>
 </CURRENCIES>
 <PRICES count="3">
  <PRICEPAIR from="E000001" to="EUR">
   <PRICE source="Transaction" date="2023-11-03" price="120/1"/>
   <PRICE source="User" date="2023-11-07" price="239/2"/>
  </PRICEPAIR>
  <PRICEPAIR from="E000002" to="EUR">
   <PRICE source="Transaction" date="2023-10-27" price="115/1"/>
   <PRICE source="User" date="2023-11-01" price="233/2"/>
  </PRICEPAIR>
  <PRICEPAIR from="USD" to="EUR">
   <PRICE source="User" date="2023-12-04" price="23/25"/>
  </PRICEPAIR>
 </PRICES>
 <REPORTS count="0"/>
 <BUDGETS count="0"/>
 <ONLINEJOBS count="0"/>
</KMYMONEY-FILE>
