<?xml version="1.0" encoding="utf-8" ?>
<!DOCTYPE KMYMONEY-FILE>
<KMYMONEY-FILE>
<FILEINFO>
<CREATION_DATE date="2023-10-14"/>
<LAST_MODIFIED_DATE date="2025-08-29"/>
<VERSION id="1"/>
<FIXVERSION id="9"/>
<APPVERSION id="5.2.1-c9bd024"/>
</FILEINFO>
<USER email="" name="John Doe">
<ADDRESS city="" county="" country="" postcode="" state="" street="" telephone="" zip="" zipcode=""/>
</USER>
<INSTITUTIONS>
<INSTITUTION id="I000001" manager="" name="RaiBa" sortcode="">
  <ADDRESS city="" county="" country="" postcode="" state="" street="" telephone="" zip="" zipcode=""/>
  <ACCOUNTIDS>
    <ACCOUNTID id="A000004"/>
    <ACCOUNTID id="A000005"/>
    <ACCOUNTID id="A000062"/>
  </ACCOUNTIDS>
</INSTITUTION>
<INSTITUTION id="I000002" manager="" name="My Gibberish Bank" sortcode="666">
  <ADDRESS city="Gibbon City" county="" country="" postcode="E23Q452" state="" street="Gibby St" telephone="+1 - 44 - 1234" zip="E23Q452" zipcode="E23Q452"/>
  <ACCOUNTIDS/>
  <KEYVALUEPAIRS>
    <PAIR key="bic" value="TMBQBHDGXXX"/>
    <PAIR key="url" value="gibberish.com"/>
  </KEYVALUEPAIRS>
</INSTITUTION>
</INSTITUTIONS>
<PAYEES>
<PAYEE email="" id="P000001" matchingenabled="0" name="Eingang" reference="">
  <ADDRESS city="" county="" country="" postcode="" state="" street="" telephone="" zip="" zipcode=""/>
</PAYEE>
<PAYEE email="" id="P000002" matchingenabled="0" name="Gehalt" reference="">
  <ADDRESS city="" county="" country="" postcode="" state="" street="" telephone="" zip="" zipcode=""/>
</PAYEE>
<PAYEE email="" id="P000003" matchingenabled="0" name="Geldautomat" reference="">
  <ADDRESS city="" county="" country="" postcode="" state="" street="" telephone="" zip="" zipcode=""/>
</PAYEE>
<PAYEE email="" id="P000004" matchingenabled="0" name="Eröffnungssaldo" reference="">
  <ADDRESS city="" county="" country="" postcode="" state="" street="" telephone="" zip="" zipcode=""/>
</PAYEE>
<PAYEE email="fuerchtegott.schnorzelmoeller@prater.at" id="P000005" matchingenabled="0" name="Fürchtegott Schnorzelmöller" reference="" notes="Pezi-Bär von der Urania kennt ihn gut">
  <ADDRESS city="Wien" county="Österreich" country="Österreich" postcode="1136" state="Österreich" street="Krailbacher Gasse 123 a
Postfach ABC
Kennwort Kasperlpost" telephone="+43 - 12 - 277278279" zip="1136" zipcode="1136"/>
</PAYEE>
<PAYEE email="" id="P000006" matchingenabled="0" name="Unfug &amp; Quatsch" reference="">
  <ADDRESS city="" county="" country="" postcode="" state="" street="" telephone="" zip="" zipcode=""/>
</PAYEE>
<PAYEE email="" id="P000007" matchingenabled="0" name="Vermietomat GmbH" reference="">
  <ADDRESS city="" county="" country="" postcode="" state="" street="" telephone="" zip="" zipcode=""/>
</PAYEE>
<PAYEE email="" id="P000008" matchingenabled="0" name="Haushaltsgeld" reference="">
  <ADDRESS city="" county="" country="" postcode="" state="" street="" telephone="" zip="" zipcode=""/>
</PAYEE>
<PAYEE email="" id="P000009" matchignorecase="1" matchingenabled="1" matchkey="Kiosk Sesamstrasse" name="Hubers Laden" reference="" usingmatchkey="1">
  <ADDRESS city="" county="" country="" postcode="" state="" street="" telephone="" zip="" zipcode=""/>
</PAYEE>
</PAYEES>
<COSTCENTERS/>
<TAGS>
<TAG closed="0" id="G000001" name="froufrou" notes="Never without my Frou-Frou" tagcolor="#ff0000"></TAG>
<TAG closed="0" id="G000002" name="frifri" notes="All the world of Fri-Fri" tagcolor="#00aa00"></TAG>
<TAG closed="0" id="G000003" name="kiki" tagcolor="#000000"></TAG>
</TAGS>
<ACCOUNTS>
<ACCOUNT currency="EUR" description="" id="AStd::Asset" institution="" lastmodified="" lastreconciled="" name="Anlagen" number="" opened="" parentaccount="" type="9">
  <SUBACCOUNTS>
    <SUBACCOUNT id="A000002"/>
    <SUBACCOUNT id="A000061"/>
  </SUBACCOUNTS>
</ACCOUNT>
<ACCOUNT currency="EUR" description="" id="AStd::Liability" institution="" lastmodified="" lastreconciled="" name="Verbindlichkeiten" number="" opened="" parentaccount="" type="10">
  <SUBACCOUNTS>
    <SUBACCOUNT id="A000058"/>
  </SUBACCOUNTS>
</ACCOUNT>
<ACCOUNT currency="EUR" description="" id="AStd::Expense" institution="" lastmodified="" lastreconciled="" name="Ausgabe" number="" opened="" parentaccount="" type="13">
  <SUBACCOUNTS>
    <SUBACCOUNT id="A000006"/>
    <SUBACCOUNT id="A000011"/>
    <SUBACCOUNT id="A000012"/>
    <SUBACCOUNT id="A000014"/>
    <SUBACCOUNT id="A000015"/>
    <SUBACCOUNT id="A000016"/>
    <SUBACCOUNT id="A000017"/>
    <SUBACCOUNT id="A000018"/>
    <SUBACCOUNT id="A000019"/>
    <SUBACCOUNT id="A000022"/>
    <SUBACCOUNT id="A000023"/>
    <SUBACCOUNT id="A000030"/>
    <SUBACCOUNT id="A000034"/>
    <SUBACCOUNT id="A000039"/>
    <SUBACCOUNT id="A000042"/>
    <SUBACCOUNT id="A000072"/>
  </SUBACCOUNTS>
</ACCOUNT>
<ACCOUNT currency="EUR" description="" id="AStd::Income" institution="" lastmodified="" lastreconciled="" name="Einnahme" number="" opened="" parentaccount="" type="12">
  <SUBACCOUNTS>
    <SUBACCOUNT id="A000049"/>
    <SUBACCOUNT id="A000052"/>
    <SUBACCOUNT id="A000053"/>
    <SUBACCOUNT id="A000068"/>
  </SUBACCOUNTS>
</ACCOUNT>
<ACCOUNT currency="EUR" description="" id="AStd::Equity" institution="" lastmodified="" lastreconciled="" name="Eigenkapital" number="" opened="" parentaccount="" type="16"></ACCOUNT>
<ACCOUNT currency="EUR" description="" id="A000002" institution="" lastmodified="" lastreconciled="" name="Barvermögen" number="" opened="2023-10-14" parentaccount="AStd::Asset" type="9">
  <SUBACCOUNTS>
    <SUBACCOUNT id="A000003"/>
    <SUBACCOUNT id="A000004"/>
    <SUBACCOUNT id="A000005"/>
  </SUBACCOUNTS>
</ACCOUNT>
<ACCOUNT currency="EUR" description="" id="A000003" institution="" lastmodified="2023-12-09" lastreconciled="" name="Bargeld" number="" opened="2023-10-14" parentaccount="A000002" type="3">
  <SUBACCOUNTS>
    <SUBACCOUNT id="A000065"/>
    <SUBACCOUNT id="A000066"/>
  </SUBACCOUNTS>
</ACCOUNT>
<ACCOUNT currency="EUR" description="Girokonto 1" id="A000004" institution="I000001" lastmodified="2025-03-01" lastreconciled="" name="Giro RaiBa" number="" opened="2023-01-01" parentaccount="A000002" type="1">
  <KEYVALUEPAIRS>
    <PAIR key="lastNumberUsed" value="1"/>
  </KEYVALUEPAIRS>
</ACCOUNT>
<ACCOUNT currency="EUR" description="" id="A000005" institution="I000001" lastmodified="" lastreconciled="" name="Spar RaiBa" number="" opened="2023-10-14" parentaccount="A000002" type="1"></ACCOUNT>
<ACCOUNT currency="EUR" description="" id="A000006" institution="" lastmodified="" lastreconciled="" name="Bildung" number="" opened="1900-01-01" parentaccount="AStd::Expense" type="13">
  <SUBACCOUNTS>
    <SUBACCOUNT id="A000007"/>
    <SUBACCOUNT id="A000008"/>
    <SUBACCOUNT id="A000009"/>
    <SUBACCOUNT id="A000010"/>
  </SUBACCOUNTS>
</ACCOUNT>
<ACCOUNT currency="EUR" description="" id="A000007" institution="" lastmodified="" lastreconciled="" name="Abonnements" number="" opened="1900-01-01" parentaccount="A000006" type="13"></ACCOUNT>
<ACCOUNT currency="EUR" description="" id="A000008" institution="" lastmodified="" lastreconciled="" name="Bücher" number="" opened="1900-01-01" parentaccount="A000006" type="13"></ACCOUNT>
<ACCOUNT currency="EUR" description="" id="A000009" institution="" lastmodified="" lastreconciled="" name="Büroartikel" number="" opened="1900-01-01" parentaccount="A000006" type="13"></ACCOUNT>
<ACCOUNT currency="EUR" description="" id="A000010" institution="" lastmodified="" lastreconciled="" name="Zeitungen" number="" opened="1900-01-01" parentaccount="A000006" type="13"></ACCOUNT>
<ACCOUNT currency="EUR" description="" id="A000011" institution="" lastmodified="" lastreconciled="" name="Computer" number="" opened="1900-01-01" parentaccount="AStd::Expense" type="13"></ACCOUNT>
<ACCOUNT currency="EUR" description="" id="A000012" institution="" lastmodified="" lastreconciled="" name="Fahrtkosten" number="" opened="1900-01-01" parentaccount="AStd::Expense" type="13">
  <SUBACCOUNTS>
    <SUBACCOUNT id="A000013"/>
  </SUBACCOUNTS>
</ACCOUNT>
<ACCOUNT currency="EUR" description="" id="A000013" institution="" lastmodified="" lastreconciled="" name="Fahrkarten" number="" opened="1900-01-01" parentaccount="A000012" type="13"></ACCOUNT>
<ACCOUNT currency="EUR" description="" id="A000014" institution="" lastmodified="" lastreconciled="" name="Geschenke" number="" opened="1900-01-01" parentaccount="AStd::Expense" type="13"></ACCOUNT>
<ACCOUNT currency="EUR" description="" id="A000015" institution="" lastmodified="" lastreconciled="" name="Hobbies" number="" opened="1900-01-01" parentaccount="AStd::Expense" type="13"></ACCOUNT>
<ACCOUNT currency="EUR" description="" id="A000016" institution="" lastmodified="" lastreconciled="" name="Kleidung" number="" opened="1900-01-01" parentaccount="AStd::Expense" type="13"></ACCOUNT>
<ACCOUNT currency="EUR" description="" id="A000017" institution="" lastmodified="" lastreconciled="" name="Lebensmittel" number="" opened="1900-01-01" parentaccount="AStd::Expense" type="13"></ACCOUNT>
<ACCOUNT currency="EUR" description="" id="A000018" institution="" lastmodified="" lastreconciled="" name="Medikamente" number="" opened="1900-01-01" parentaccount="AStd::Expense" type="13"></ACCOUNT>
<ACCOUNT currency="EUR" description="" id="A000019" institution="" lastmodified="" lastreconciled="" name="Sonstiges" number="" opened="1900-01-01" parentaccount="AStd::Expense" type="13">
  <SUBACCOUNTS>
    <SUBACCOUNT id="A000020"/>
    <SUBACCOUNT id="A000021"/>
  </SUBACCOUNTS>
</ACCOUNT>
<ACCOUNT currency="EUR" description="" id="A000020" institution="" lastmodified="2023-11-03" lastreconciled="" name="Bankgebühren" number="" opened="1900-01-01" parentaccount="A000019" type="13"></ACCOUNT>
<ACCOUNT currency="EUR" description="" id="A000021" institution="" lastmodified="" lastreconciled="" name="Sonstiges" number="" opened="1900-01-01" parentaccount="A000019" type="13"></ACCOUNT>
<ACCOUNT currency="EUR" description="" id="A000022" institution="" lastmodified="" lastreconciled="" name="Spenden" number="" opened="1900-01-01" parentaccount="AStd::Expense" type="13"></ACCOUNT>
<ACCOUNT currency="EUR" description="" id="A000023" institution="" lastmodified="" lastreconciled="" name="Steuern" number="" opened="1900-01-01" parentaccount="AStd::Expense" type="13">
  <SUBACCOUNTS>
    <SUBACCOUNT id="A000024"/>
    <SUBACCOUNT id="A000025"/>
    <SUBACCOUNT id="A000026"/>
    <SUBACCOUNT id="A000027"/>
    <SUBACCOUNT id="A000028"/>
    <SUBACCOUNT id="A000029"/>
    <SUBACCOUNT id="A000067"/>
  </SUBACCOUNTS>
</ACCOUNT>
<ACCOUNT currency="EUR" description="" id="A000024" institution="" lastmodified="" lastreconciled="" name="Einkommensteuer" number="" opened="1900-01-01" parentaccount="A000023" type="13"></ACCOUNT>
<ACCOUNT currency="EUR" description="" id="A000025" institution="" lastmodified="" lastreconciled="" name="Pflegeversicherung" number="" opened="1900-01-01" parentaccount="A000023" type="13"></ACCOUNT>
<ACCOUNT currency="EUR" description="" id="A000026" institution="" lastmodified="" lastreconciled="" name="Rentenversicherung" number="" opened="1900-01-01" parentaccount="A000023" type="13"></ACCOUNT>
<ACCOUNT currency="EUR" description="" id="A000027" institution="" lastmodified="" lastreconciled="" name="Solidaritätszuschlag" number="" opened="1900-01-01" parentaccount="A000023" type="13"></ACCOUNT>
<ACCOUNT currency="EUR" description="" id="A000028" institution="" lastmodified="" lastreconciled="" name="Sonstige" number="" opened="1900-01-01" parentaccount="A000023" type="13"></ACCOUNT>
<ACCOUNT currency="EUR" description="" id="A000029" institution="" lastmodified="" lastreconciled="" name="Sozialabgaben" number="" opened="1900-01-01" parentaccount="A000023" type="13"></ACCOUNT>
<ACCOUNT currency="EUR" description="" id="A000030" institution="" lastmodified="" lastreconciled="" name="Telekommunikation" number="" opened="1900-01-01" parentaccount="AStd::Expense" type="13">
  <SUBACCOUNTS>
    <SUBACCOUNT id="A000031"/>
    <SUBACCOUNT id="A000032"/>
    <SUBACCOUNT id="A000033"/>
  </SUBACCOUNTS>
</ACCOUNT>
<ACCOUNT currency="EUR" description="" id="A000031" institution="" lastmodified="" lastreconciled="" name="Fernsehen" number="" opened="1900-01-01" parentaccount="A000030" type="13"></ACCOUNT>
<ACCOUNT currency="EUR" description="" id="A000032" institution="" lastmodified="" lastreconciled="" name="Online-Dienste" number="" opened="1900-01-01" parentaccount="A000030" type="13"></ACCOUNT>
<ACCOUNT currency="EUR" description="" id="A000033" institution="" lastmodified="" lastreconciled="" name="Telefon" number="" opened="1900-01-01" parentaccount="A000030" type="13"></ACCOUNT>
<ACCOUNT currency="EUR" description="" id="A000034" institution="" lastmodified="" lastreconciled="" name="Unterhaltung" number="" opened="1900-01-01" parentaccount="AStd::Expense" type="13">
  <SUBACCOUNTS>
    <SUBACCOUNT id="A000035"/>
    <SUBACCOUNT id="A000036"/>
    <SUBACCOUNT id="A000037"/>
    <SUBACCOUNT id="A000038"/>
  </SUBACCOUNTS>
</ACCOUNT>
<ACCOUNT currency="EUR" description="" id="A000035" institution="" lastmodified="" lastreconciled="" name="Ausgehen" number="" opened="1900-01-01" parentaccount="A000034" type="13"></ACCOUNT>
<ACCOUNT currency="EUR" description="" id="A000036" institution="" lastmodified="" lastreconciled="" name="Musik/Kino" number="" opened="1900-01-01" parentaccount="A000034" type="13"></ACCOUNT>
<ACCOUNT currency="EUR" description="" id="A000037" institution="" lastmodified="" lastreconciled="" name="Reisen" number="" opened="1900-01-01" parentaccount="A000034" type="13"></ACCOUNT>
<ACCOUNT currency="EUR" description="" id="A000038" institution="" lastmodified="" lastreconciled="" name="Sport" number="" opened="1900-01-01" parentaccount="A000034" type="13"></ACCOUNT>
<ACCOUNT currency="EUR" description="" id="A000039" institution="" lastmodified="" lastreconciled="" name="Versicherungen" number="" opened="1900-01-01" parentaccount="AStd::Expense" type="13">
  <SUBACCOUNTS>
    <SUBACCOUNT id="A000040"/>
    <SUBACCOUNT id="A000041"/>
  </SUBACCOUNTS>
</ACCOUNT>
<ACCOUNT currency="EUR" description="" id="A000040" institution="" lastmodified="" lastreconciled="" name="Haftpflicht" number="" opened="1900-01-01" parentaccount="A000039" type="13"></ACCOUNT>
<ACCOUNT currency="EUR" description="" id="A000041" institution="" lastmodified="" lastreconciled="" name="Krankenversicherung" number="" opened="1900-01-01" parentaccount="A000039" type="13"></ACCOUNT>
<ACCOUNT currency="EUR" description="" id="A000042" institution="" lastmodified="" lastreconciled="" name="Wohnen" number="" opened="1900-01-01" parentaccount="AStd::Expense" type="13">
  <SUBACCOUNTS>
    <SUBACCOUNT id="A000043"/>
    <SUBACCOUNT id="A000044"/>
  </SUBACCOUNTS>
</ACCOUNT>
<ACCOUNT currency="EUR" description="" id="A000043" institution="" lastmodified="2025-03-01" lastreconciled="" name="Miete" number="" opened="1900-01-01" parentaccount="A000042" type="13"></ACCOUNT>
<ACCOUNT currency="EUR" description="" id="A000044" institution="" lastmodified="" lastreconciled="" name="Nebenkosten" number="" opened="1900-01-01" parentaccount="A000042" type="13">
  <SUBACCOUNTS>
    <SUBACCOUNT id="A000045"/>
    <SUBACCOUNT id="A000046"/>
    <SUBACCOUNT id="A000047"/>
    <SUBACCOUNT id="A000048"/>
  </SUBACCOUNTS>
</ACCOUNT>
<ACCOUNT currency="EUR" description="" id="A000045" institution="" lastmodified="" lastreconciled="" name="Abfall" number="" opened="1900-01-01" parentaccount="A000044" type="13"></ACCOUNT>
<ACCOUNT currency="EUR" description="" id="A000046" institution="" lastmodified="" lastreconciled="" name="Gas" number="" opened="1900-01-01" parentaccount="A000044" type="13"></ACCOUNT>
<ACCOUNT currency="EUR" description="" id="A000047" institution="" lastmodified="" lastreconciled="" name="Strom" number="" opened="1900-01-01" parentaccount="A000044" type="13"></ACCOUNT>
<ACCOUNT currency="EUR" description="" id="A000048" institution="" lastmodified="" lastreconciled="" name="Wasser" number="" opened="1900-01-01" parentaccount="A000044" type="13"></ACCOUNT>
<ACCOUNT currency="EUR" description="" id="A000049" institution="" lastmodified="" lastreconciled="" name="Gehalt" number="" opened="1900-01-01" parentaccount="AStd::Income" type="12">
  <SUBACCOUNTS>
    <SUBACCOUNT id="A000050"/>
    <SUBACCOUNT id="A000051"/>
  </SUBACCOUNTS>
</ACCOUNT>
<ACCOUNT currency="EUR" description="" id="A000050" institution="" lastmodified="2025-03-01" lastreconciled="" name="Gehalt" number="" opened="1900-01-01" parentaccount="A000049" type="12"></ACCOUNT>
<ACCOUNT currency="EUR" description="" id="A000051" institution="" lastmodified="2023-12-09" lastreconciled="" name="Zulagen" number="" opened="1900-01-01" parentaccount="A000049" type="12"></ACCOUNT>
<ACCOUNT currency="EUR" description="" id="A000052" institution="" lastmodified="" lastreconciled="" name="Geschenke" number="" opened="1900-01-01" parentaccount="AStd::Income" type="12"></ACCOUNT>
<ACCOUNT currency="EUR" description="" id="A000053" institution="" lastmodified="2023-11-03" lastreconciled="" name="Sonstiges" number="" opened="1900-01-01" parentaccount="AStd::Income" type="12"></ACCOUNT>
<ACCOUNT currency="EUR" description="" id="A000054" institution="" lastmodified="" lastreconciled="" name="Zinsen" number="" opened="1900-01-01" parentaccount="A000068" type="12">
  <SUBACCOUNTS>
    <SUBACCOUNT id="A000055"/>
    <SUBACCOUNT id="A000056"/>
    <SUBACCOUNT id="A000057"/>
  </SUBACCOUNTS>
</ACCOUNT>
<ACCOUNT currency="EUR" description="" id="A000055" institution="" lastmodified="" lastreconciled="" name="Girokonto" number="" opened="1900-01-01" parentaccount="A000054" type="12"></ACCOUNT>
<ACCOUNT currency="EUR" description="" id="A000056" institution="" lastmodified="" lastreconciled="" name="Sonstige" number="" opened="1900-01-01" parentaccount="A000054" type="12"></ACCOUNT>
<ACCOUNT currency="EUR" description="" id="A000057" institution="" lastmodified="" lastreconciled="" name="Sparkonto" number="" opened="1900-01-01" parentaccount="A000054" type="12"></ACCOUNT>
<ACCOUNT currency="EUR" description="" id="A000058" institution="" lastmodified="" lastreconciled="" name="Barverbindlichkeiten" number="" opened="2023-10-14" parentaccount="AStd::Liability" type="10">
  <SUBACCOUNTS>
    <SUBACCOUNT id="A000059"/>
  </SUBACCOUNTS>
</ACCOUNT>
<ACCOUNT currency="EUR" description="" id="A000059" institution="" lastmodified="" lastreconciled="" name="Kreditkarte" number="" opened="2023-10-14" parentaccount="A000058" type="4"></ACCOUNT>
<ACCOUNT currency="EUR" description="" id="A000061" institution="" lastmodified="" lastreconciled="" name="Finanzanlagen" number="" opened="2023-01-01" parentaccount="AStd::Asset" type="9">
  <SUBACCOUNTS>
    <SUBACCOUNT id="A000062"/>
  </SUBACCOUNTS>
</ACCOUNT>
<ACCOUNT currency="EUR" description="Aktiendepot 1" id="A000062" institution="I000001" lastmodified="" lastreconciled="" name="Depot RaiBa" number="" opened="2023-01-01" parentaccount="A000061" type="7">
  <SUBACCOUNTS>
    <SUBACCOUNT id="A000063"/>
    <SUBACCOUNT id="A000064"/>
    <SUBACCOUNT id="A000074"/>
  </SUBACCOUNTS>
  <KEYVALUEPAIRS>
    <PAIR key="iban" value="DE01 1234 2345 3456 4567 99"/>
  </KEYVALUEPAIRS>
</ACCOUNT>
<ACCOUNT currency="E000001" description="" id="A000063" institution="" lastmodified="2023-11-03" lastreconciled="" name="DE0007164600 SAP" number="" opened="2023-11-03" parentaccount="A000062" type="15"></ACCOUNT>
<ACCOUNT currency="E000002" description="" id="A000064" institution="" lastmodified="2024-06-01" lastreconciled="" name="DE0007100000 Mercedes-Benz Group AG" number="" opened="2023-10-27" parentaccount="A000062" type="15"></ACCOUNT>
<ACCOUNT currency="EUR" description="" id="A000065" institution="" lastmodified="2023-12-09" lastreconciled="" name="Kasse Bodo" number="" opened="2023-01-01" parentaccount="A000003" type="3"></ACCOUNT>
<ACCOUNT currency="EUR" description="" id="A000066" institution="" lastmodified="2023-12-09" lastreconciled="" name="Kasse Ada" number="" opened="2023-01-01" parentaccount="A000003" type="3"></ACCOUNT>
<ACCOUNT currency="EUR" description="" id="A000067" institution="" lastmodified="" lastreconciled="" name="Kapitalertrag" number="" opened="1900-01-01" parentaccount="A000023" type="13"></ACCOUNT>
<ACCOUNT currency="EUR" description="" id="A000068" institution="" lastmodified="" lastreconciled="" name="Kapitalerträge" number="" opened="1900-01-01" parentaccount="AStd::Income" type="12">
  <SUBACCOUNTS>
    <SUBACCOUNT id="A000054"/>
    <SUBACCOUNT id="A000069"/>
  </SUBACCOUNTS>
</ACCOUNT>
<ACCOUNT currency="EUR" description="" id="A000069" institution="" lastmodified="" lastreconciled="" name="Dividende" number="" opened="1900-01-01" parentaccount="A000068" type="12">
  <SUBACCOUNTS>
    <SUBACCOUNT id="A000070"/>
    <SUBACCOUNT id="A000071"/>
  </SUBACCOUNTS>
</ACCOUNT>
<ACCOUNT currency="EUR" description="" id="A000070" institution="" lastmodified="" lastreconciled="" name="Inland" number="" opened="1900-01-01" parentaccount="A000069" type="12"></ACCOUNT>
<ACCOUNT currency="EUR" description="" id="A000071" institution="" lastmodified="" lastreconciled="" name="Ausland" number="" opened="1900-01-01" parentaccount="A000069" type="12"></ACCOUNT>
<ACCOUNT currency="EUR" description="" id="A000072" institution="" lastmodified="" lastreconciled="" name="Bank" number="" opened="1900-01-01" parentaccount="AStd::Expense" type="13">
  <SUBACCOUNTS>
    <SUBACCOUNT id="A000073"/>
  </SUBACCOUNTS>
</ACCOUNT>
<ACCOUNT currency="EUR" description="" id="A000073" institution="" lastmodified="" lastreconciled="" name="Provision" number="" opened="1900-01-01" parentaccount="A000072" type="13"></ACCOUNT>
<ACCOUNT currency="E000003" description="" id="A000074" institution="" lastmodified="" lastreconciled="" name="DE000BASF111 BASF SE" number="" opened="2025-04-12" parentaccount="A000062" type="15"></ACCOUNT>
</ACCOUNTS>
<TRANSACTIONS>
<TRANSACTION commodity="EUR" entrydate="2023-11-03" id="T000000000000000001" memo="" postdate="2023-01-01">
  <SPLITS>
    <SPLIT account="A000004" action="" bankid="" id="S0001" memo="" number="" payee="P000004" price="1/1" reconciledate="" reconcileflag="0" shares="10000/1" value="10000/1"></SPLIT>
    <SPLIT account="A000053" action="" bankid="" id="S0002" memo="" number="" payee="P000004" price="1/1" reconciledate="" reconcileflag="0" shares="-10000/1" value="-10000/1"></SPLIT>
  </SPLITS>
</TRANSACTION>
<TRANSACTION commodity="EUR" entrydate="2023-10-14" id="T000000000000000002" memo="" postdate="2023-01-03">
  <SPLITS>
    <SPLIT account="A000004" action="" bankid="" id="S0001" memo="Unfug und Quatsch GmbH Gehalt" number="0123" payee="P000006" price="1/1" reconciledate="" reconcileflag="0" shares="1000/1" value="1000/1">
      <TAG id="G000002"></TAG>
    </SPLIT>
    <SPLIT account="A000050" action="" bankid="" id="S0002" memo="Unfug und Quatsch GmbH Gehalt" number="" payee="P000006" price="1/1" reconciledate="" reconcileflag="0" shares="-1000/1" value="-1000/1"></SPLIT>
  </SPLITS>
</TRANSACTION>
<TRANSACTION commodity="EUR" entrydate="2023-12-09" id="T000000000000000003" memo="" postdate="2023-01-04">
  <SPLITS>
    <SPLIT account="A000004" action="" bankid="" id="S0001" memo="" number="" payee="P000007" price="1/1" reconciledate="" reconcileflag="0" shares="-150/1" value="-150/1">
      <TAG id="G000001"></TAG>
      <TAG id="G000002"></TAG>
    </SPLIT>
    <SPLIT account="A000043" action="" bankid="" id="S0002" memo="" number="" payee="P000007" price="1/1" reconciledate="" reconcileflag="0" shares="150/1" value="150/1"></SPLIT>
  </SPLITS>
</TRANSACTION>
<TRANSACTION commodity="EUR" entrydate="2023-12-09" id="T000000000000000004" memo="" postdate="2023-02-03">
  <SPLITS>
    <SPLIT account="A000004" action="" bankid="" id="S0001" memo="" number="x762d" payee="P000006" price="1/1" reconciledate="" reconcileflag="0" shares="1000/1" value="1000/1">
      <TAG id="G000001"></TAG>
    </SPLIT>
    <SPLIT account="A000050" action="" bankid="" id="S0002" memo="" number="" payee="P000006" price="1/1" reconciledate="" reconcileflag="0" shares="-1000/1" value="-1000/1"></SPLIT>
  </SPLITS>
</TRANSACTION>
<TRANSACTION commodity="EUR" entrydate="2023-12-09" id="T000000000000000005" memo="" postdate="2023-02-04">
  <SPLITS>
    <SPLIT account="A000004" action="" bankid="" id="S0001" memo="" number="" payee="P000007" price="1/1" reconciledate="" reconcileflag="0" shares="-150/1" value="-150/1"></SPLIT>
    <SPLIT account="A000043" action="" bankid="" id="S0002" memo="" number="" payee="P000007" price="1/1" reconciledate="" reconcileflag="0" shares="150/1" value="150/1"></SPLIT>
  </SPLITS>
</TRANSACTION>
<TRANSACTION commodity="EUR" entrydate="2023-12-09" id="T000000000000000006" memo="" postdate="2023-03-03">
  <SPLITS>
    <SPLIT account="A000004" action="" bankid="" id="S0001" memo="" number="/$@d" payee="P000006" price="1/1" reconciledate="" reconcileflag="0" shares="1000/1" value="1000/1"></SPLIT>
    <SPLIT account="A000050" action="" bankid="" id="S0002" memo="" number="" payee="P000006" price="1/1" reconciledate="" reconcileflag="0" shares="-1000/1" value="-1000/1"></SPLIT>
  </SPLITS>
</TRANSACTION>
<TRANSACTION commodity="EUR" entrydate="2023-12-09" id="T000000000000000007" memo="" postdate="2023-03-04">
  <SPLITS>
    <SPLIT account="A000004" action="" bankid="" id="S0001" memo="" number="" payee="P000007" price="1/1" reconciledate="" reconcileflag="0" shares="-150/1" value="-150/1"></SPLIT>
    <SPLIT account="A000043" action="" bankid="" id="S0002" memo="" number="" payee="P000007" price="1/1" reconciledate="" reconcileflag="0" shares="150/1" value="150/1"></SPLIT>
  </SPLITS>
</TRANSACTION>
<TRANSACTION commodity="EUR" entrydate="2023-12-09" id="T000000000000000008" memo="" postdate="2023-04-03">
  <SPLITS>
    <SPLIT account="A000004" action="" bankid="" id="S0001" memo="" number="ÄÖÜß" payee="P000006" price="1/1" reconciledate="" reconcileflag="0" shares="1000/1" value="1000/1"></SPLIT>
    <SPLIT account="A000050" action="" bankid="" id="S0002" memo="" number="" payee="P000006" price="1/1" reconciledate="" reconcileflag="0" shares="-1000/1" value="-1000/1"></SPLIT>
  </SPLITS>
</TRANSACTION>
<TRANSACTION commodity="EUR" entrydate="2023-12-09" id="T000000000000000009" memo="" postdate="2023-04-04">
  <SPLITS>
    <SPLIT account="A000004" action="" bankid="" id="S0001" memo="" number="" payee="P000007" price="1/1" reconciledate="" reconcileflag="0" shares="-150/1" value="-150/1"></SPLIT>
    <SPLIT account="A000043" action="" bankid="" id="S0002" memo="" number="" payee="P000007" price="1/1" reconciledate="" reconcileflag="0" shares="150/1" value="150/1"></SPLIT>
  </SPLITS>
</TRANSACTION>
<TRANSACTION commodity="EUR" entrydate="2023-12-09" id="T000000000000000010" memo="" postdate="2023-05-03">
  <SPLITS>
    <SPLIT account="A000004" action="" bankid="" id="S0001" memo="" number="&lt;SPLIT&gt;" payee="P000006" price="1/1" reconciledate="" reconcileflag="0" shares="1000/1" value="1000/1"></SPLIT>
    <SPLIT account="A000050" action="" bankid="" id="S0002" memo="" number="" payee="P000006" price="1/1" reconciledate="" reconcileflag="0" shares="-1000/1" value="-1000/1"></SPLIT>
  </SPLITS>
</TRANSACTION>
<TRANSACTION commodity="EUR" entrydate="2023-12-09" id="T000000000000000011" memo="" postdate="2023-05-04">
  <SPLITS>
    <SPLIT account="A000004" action="" bankid="" id="S0001" memo="" number="" payee="P000007" price="1/1" reconciledate="" reconcileflag="0" shares="-150/1" value="-150/1"></SPLIT>
    <SPLIT account="A000043" action="" bankid="" id="S0002" memo="" number="" payee="P000007" price="1/1" reconciledate="" reconcileflag="0" shares="150/1" value="150/1"></SPLIT>
  </SPLITS>
</TRANSACTION>
<TRANSACTION commodity="EUR" entrydate="2023-12-09" id="T000000000000000012" memo="" postdate="2023-06-03">
  <SPLITS>
    <SPLIT account="A000004" action="" bankid="" id="S0001" memo="" number="" payee="P000006" price="1/1" reconciledate="" reconcileflag="0" shares="1000/1" value="1000/1"></SPLIT>
    <SPLIT account="A000050" action="" bankid="" id="S0002" memo="" number="" payee="P000006" price="1/1" reconciledate="" reconcileflag="0" shares="-1000/1" value="-1000/1"></SPLIT>
  </SPLITS>
</TRANSACTION>
<TRANSACTION commodity="EUR" entrydate="2023-12-09" id="T000000000000000013" memo="" postdate="2023-06-03">
  <SPLITS>
    <SPLIT account="A000004" action="" bankid="" id="S0001" memo="Prämie" number="" payee="P000006" price="1/1" reconciledate="" reconcileflag="0" shares="500/1" value="500/1"></SPLIT>
    <SPLIT account="A000051" action="" bankid="" id="S0002" memo="Prämie" number="" payee="P000006" price="1/1" reconciledate="" reconcileflag="0" shares="-500/1" value="-500/1"></SPLIT>
  </SPLITS>
</TRANSACTION>
<TRANSACTION commodity="EUR" entrydate="2023-12-09" id="T000000000000000014" memo="" postdate="2023-06-04">
  <SPLITS>
    <SPLIT account="A000004" action="" bankid="" id="S0001" memo="" number="" payee="P000007" price="1/1" reconciledate="" reconcileflag="0" shares="-150/1" value="-150/1"></SPLIT>
    <SPLIT account="A000043" action="" bankid="" id="S0002" memo="" number="" payee="P000007" price="1/1" reconciledate="" reconcileflag="0" shares="150/1" value="150/1"></SPLIT>
  </SPLITS>
</TRANSACTION>
<TRANSACTION commodity="EUR" entrydate="2023-10-14" id="T000000000000000015" memo="" postdate="2023-10-14">
  <SPLITS>
    <SPLIT account="A000004" action="" bankid="" id="S0001" memo="Bargeldauszahlung" number="5298" payee="P000003" price="1/1" reconciledate="" reconcileflag="0" shares="-150/1" value="-150/1"></SPLIT>
    <SPLIT account="A000065" action="" bankid="" id="S0002" memo="Bargeldauszahlung" number="" payee="P000003" price="1/1" reconciledate="" reconcileflag="0" shares="150/1" value="150/1"></SPLIT>
  </SPLITS>
</TRANSACTION>
<TRANSACTION commodity="EUR" entrydate="2023-12-09" id="T000000000000000016" memo="" postdate="2023-10-14">
  <SPLITS>
    <SPLIT account="A000065" action="" bankid="" id="S0001" memo="" number="" payee="P000008" price="1/1" reconciledate="" reconcileflag="0" shares="-95/1" value="-95/1"></SPLIT>
    <SPLIT account="A000066" action="" bankid="" id="S0002" memo="" number="" payee="P000008" price="1/1" reconciledate="" reconcileflag="0" shares="95/1" value="95/1"></SPLIT>
  </SPLITS>
</TRANSACTION>
<TRANSACTION commodity="EUR" entrydate="2023-11-03" id="T000000000000000017" memo="" postdate="2023-10-27">
  <SPLITS>
    <SPLIT account="A000004" action="" bankid="" id="S0001" memo="" number="" payee="" price="1/1" reconciledate="" reconcileflag="0" shares="-3931/2" value="-3931/2"></SPLIT>
    <SPLIT account="A000020" action="" bankid="" id="S0002" memo="" number="" payee="" price="1/1" reconciledate="" reconcileflag="0" shares="21/2" value="21/2"></SPLIT>
    <SPLIT account="A000064" action="Buy" bankid="" id="S0003" memo="" number="" payee="" price="115/1" reconciledate="" reconcileflag="0" shares="17/1" value="1955/1"></SPLIT>
  </SPLITS>
</TRANSACTION>
<TRANSACTION commodity="EUR" entrydate="2023-11-03" id="T000000000000000018" memo="" postdate="2023-11-03">
  <SPLITS>
    <SPLIT account="A000004" action="" bankid="" id="S0001" memo="" number="" payee="" price="1/1" reconciledate="" reconcileflag="0" shares="-1810/1" value="-1810/1"></SPLIT>
    <SPLIT account="A000020" action="" bankid="" id="S0002" memo="" number="" payee="" price="1/1" reconciledate="" reconcileflag="0" shares="10/1" value="10/1"></SPLIT>
    <SPLIT account="A000063" action="Buy" bankid="" id="S0003" memo="" number="" payee="" price="120/1" reconciledate="" reconcileflag="0" shares="15/1" value="1800/1"></SPLIT>
  </SPLITS>
</TRANSACTION>
<TRANSACTION commodity="EUR" entrydate="2024-06-01" id="T000000000000000019" memo="" postdate="2024-06-01">
  <SPLITS>
    <SPLIT account="A000064" action="Split" bankid="" id="S0001" memo="" number="" payee="" price="1/1" reconciledate="" reconcileflag="0" shares="2/1" value="0/1"></SPLIT>
  </SPLITS>
</TRANSACTION>
</TRANSACTIONS>
<KEYVALUEPAIRS>
<PAIR key="LastModificationDate" value="2025-08-27T10:02:20+02:00"/>
<PAIR key="kmm-baseCurrency" value="EUR"/>
<PAIR key="kmm-id" value="{1f7ec5d2-f982-48eb-9ae3-22095e2362ee}"/>
</KEYVALUEPAIRS>
<SCHEDULES/>
<SECURITIES>
<SECURITY id="E000001" name="SAP AG" pp="2" rounding-method="7" saf="100" symbol="SAP" trading-currency="EUR" trading-market="XETRA" type="0">
  <KEYVALUEPAIRS>
    <PAIR key="kmm-online-source" value="Finanztreff"/>
    <PAIR key="kmm-security-id" value="DE0007164600"/>
  </KEYVALUEPAIRS>
</SECURITY>
<SECURITY id="E000002" name="Mercedes-Benz Group AG" pp="2" rounding-method="7" saf="100" symbol="MBG" trading-currency="EUR" trading-market="XETRA" type="0">
  <KEYVALUEPAIRS>
    <PAIR key="kmm-security-id" value="DE0007100000"/>
  </KEYVALUEPAIRS>
</SECURITY>
<SECURITY id="E000003" name="BASF SE" pp="2" rounding-method="7" saf="100" symbol="BAS" trading-currency="EUR" trading-market="XETRA" type="0">
  <KEYVALUEPAIRS>
    <PAIR key="kmm-security-id" value="DE000BASF111"/>
  </KEYVALUEPAIRS>
</SECURITY>
<SECURITY id="E000004" name="The Coca Cola Co." pp="2" rounding-method="7" saf="100" symbol="KO" trading-currency="EUR" trading-market="XETRA" type="0">
  <KEYVALUEPAIRS>
    <PAIR key="kmm-online-source" value="Finanztreff"/>
    <PAIR key="kmm-security-id" value="US1912161007"/>
  </KEYVALUEPAIRS>
</SECURITY>
</SECURITIES>
<CURRENCIES>
<CURRENCY id="EUR" name="Euro" pp="4" rounding-method="7" saf="100" scf="100" symbol="€" type="3"/>
<CURRENCY id="USD" name="US-Dollar" pp="4" rounding-method="7" saf="100" scf="100" symbol="$" type="3"/>
</CURRENCIES>
<PRICES>
<PRICEPAIR from="E000001" to="EUR">
  <PRICE date="2012-03-05" price="5139/100" source="Benutzer"/>
  <PRICE date="2023-11-03" price="120/1" source="Transaction"/>
  <PRICE date="2023-11-07" price="239/2" source="User"/>
</PRICEPAIR>
<PRICEPAIR from="E000002" to="EUR">
  <PRICE date="2023-10-27" price="115/1" source="Transaction"/>
  <PRICE date="2023-11-01" price="233/2" source="User"/>
  <PRICE date="2024-06-01" price="233/4" source="User"/>
</PRICEPAIR>
<PRICEPAIR from="E000003" to="EUR">
  <PRICE date="2023-03-06" price="8651/200" source="Benutzer"/>
  <PRICE date="2023-04-01" price="45/1" source="Benutzer"/>
  <PRICE date="2023-05-01" price="451/10" source="Benutzer"/>
  <PRICE date="2023-06-01" price="226/5" source="Benutzer"/>
  <PRICE date="2023-07-01" price="453/10" source="Benutzer"/>
  <PRICE date="2023-08-01" price="459/10" source="Benutzer"/>
  <PRICE date="2023-09-01" price="46/1" source="Benutzer"/>
  <PRICE date="2023-10-01" price="461/10" source="Benutzer"/>
  <PRICE date="2023-11-01" price="231/5" source="Benutzer"/>
  <PRICE date="2023-12-01" price="463/10" source="Benutzer"/>
</PRICEPAIR>
<PRICEPAIR from="USD" to="EUR">
  <PRICE date="2023-11-01" price="91/100" source="Benutzer"/>
  <PRICE date="2023-12-01" price="23/25" source="Benutzer"/>
  <PRICE date="2023-12-04" price="23/25" source="User"/>
  <PRICE date="2024-01-01" price="93/100" source="Benutzer"/>
</PRICEPAIR>
</PRICES>
<REPORTS/>
<BUDGETS/>
<ONLINEJOBS/>
</KMYMONEY-FILE>

<!-- Local variables: -->
<!-- mode: xml        -->
<!-- End: Written by JKMyMoneyLib, 2025-08-29T11:47:27.076652746 -->
