<?xml version="1.0" encoding="utf-8"?>
<!DOCTYPE KMYMONEY-FILE>
<KMYMONEY-FILE>
 <FILEINFO>
  <CREATION_DATE date="2023-10-14"/>
  <LAST_MODIFIED_DATE date="2024-02-18"/>
  <VERSION id="1"/>
  <FIXVERSION id="5"/>
 </FILEINFO>
 <USER email="" name="John Doe">
  <ADDRESS street="" city="" zipcode="" county="" telephone=""/>
 </USER>
 <INSTITUTIONS count="1">
  <INSTITUTION id="I000001" manager="" name="RaiBa" sortcode="">
   <ADDRESS street="" city="" zip="" telephone=""/>
   <ACCOUNTIDS>
    <ACCOUNTID id="A000004"/>
    <ACCOUNTID id="A000005"/>
    <ACCOUNTID id="A000062"/>
   </ACCOUNTIDS>
   <KEYVALUEPAIRS>
    <PAIR key="bic" value=""/>
    <PAIR key="url" value=""/>
   </KEYVALUEPAIRS>
  </INSTITUTION>
 </INSTITUTIONS>
 <PAYEES count="9">
  <PAYEE email="" id="P000001" name="Eingang" reference="" matchingenabled="0">
   <ADDRESS street="" city="" postcode="" state="" telephone=""/>
  </PAYEE>
  <PAYEE email="" id="P000002" name="Gehalt" reference="" matchingenabled="0">
   <ADDRESS street="" city="" postcode="" state="" telephone=""/>
  </PAYEE>
  <PAYEE email="" id="P000003" name="Geldautomat" reference="" matchingenabled="0">
   <ADDRESS street="" city="" postcode="" state="" telephone=""/>
  </PAYEE>
  <PAYEE email="" id="P000004" name="Eröffnungssaldo" reference="" matchingenabled="0">
   <ADDRESS street="" city="" postcode="" state="" telephone=""/>
  </PAYEE>
  <PAYEE notes="Pezi-Bär von der Urania kennt ihn gut" email="fuerchtegott.schnorzelmoeller@prater.at" id="P000005" name="Fürchtegott Schnorzelmöller" reference="" matchingenabled="0">
   <ADDRESS street="Krailbacher Gasse 123 a&#xa;Postfach ABC&#xa;Kennwort Kasperlpost" city="Wien" postcode="1136" state="Österreich" telephone="+43 - 12 - 277278279"/>
  </PAYEE>
  <PAYEE email="" id="P000006" name="Unfug &amp; Quatsch" reference="" matchingenabled="0">
   <ADDRESS street="" city="" postcode="" state="" telephone=""/>
  </PAYEE>
  <PAYEE email="" id="P000007" name="Vermietomat GmbH" reference="" matchingenabled="0">
   <ADDRESS street="" city="" postcode="" state="" telephone=""/>
  </PAYEE>
  <PAYEE email="" id="P000008" name="Haushaltsgeld" reference="" matchingenabled="0">
   <ADDRESS street="" city="" postcode="" state="" telephone=""/>
  </PAYEE>
  <PAYEE email="" id="P000009" name="Hubers KIosk" reference="" matchingenabled="0">
   <ADDRESS street="" city="" postcode="" state="" telephone=""/>
  </PAYEE>
 </PAYEES>
 <COSTCENTERS count="0"/>
 <TAGS count="0"/>
 <ACCOUNTS count="69">
  <ACCOUNT lastmodified="" parentaccount="" id="AStd::Asset" lastreconciled="" number="" name="Asset" type="9" opened="" institution="" description="" currency="EUR">
   <SUBACCOUNTS>
    <SUBACCOUNT id="A000002"/>
    <SUBACCOUNT id="A000061"/>
   </SUBACCOUNTS>
  </ACCOUNT>
  <ACCOUNT lastmodified="" parentaccount="" id="AStd::Liability" lastreconciled="" number="" name="Liability" type="10" opened="" institution="" description="" currency="EUR">
   <SUBACCOUNTS>
    <SUBACCOUNT id="A000058"/>
   </SUBACCOUNTS>
  </ACCOUNT>
  <ACCOUNT lastmodified="" parentaccount="" id="AStd::Expense" lastreconciled="" number="" name="Expense" type="13" opened="" institution="" description="" currency="EUR">
   <SUBACCOUNTS>
    <SUBACCOUNT id="A000006"/>
    <SUBACCOUNT id="A000011"/>
    <SUBACCOUNT id="A000012"/>
    <SUBACCOUNT id="A000014"/>
    <SUBACCOUNT id="A000015"/>
    <SUBACCOUNT id="A000016"/>
    <SUBACCOUNT id="A000017"/>
    <SUBACCOUNT id="A000018"/>
    <SUBACCOUNT id="A000019"/>
    <SUBACCOUNT id="A000022"/>
    <SUBACCOUNT id="A000023"/>
    <SUBACCOUNT id="A000030"/>
    <SUBACCOUNT id="A000034"/>
    <SUBACCOUNT id="A000039"/>
    <SUBACCOUNT id="A000042"/>
   </SUBACCOUNTS>
  </ACCOUNT>
  <ACCOUNT lastmodified="" parentaccount="" id="AStd::Income" lastreconciled="" number="" name="Income" type="12" opened="" institution="" description="" currency="EUR">
   <SUBACCOUNTS>
    <SUBACCOUNT id="A000049"/>
    <SUBACCOUNT id="A000052"/>
    <SUBACCOUNT id="A000053"/>
    <SUBACCOUNT id="A000054"/>
   </SUBACCOUNTS>
  </ACCOUNT>
  <ACCOUNT lastmodified="" parentaccount="" id="AStd::Equity" lastreconciled="" number="" name="Equity" type="16" opened="" institution="" description="" currency="EUR"/>
  <ACCOUNT lastmodified="" parentaccount="AStd::Asset" id="A000002" lastreconciled="" number="" name="Barvermögen" type="9" opened="2023-10-14" institution="" description="" currency="EUR">
   <SUBACCOUNTS>
    <SUBACCOUNT id="A000003"/>
    <SUBACCOUNT id="A000004"/>
    <SUBACCOUNT id="A000005"/>
   </SUBACCOUNTS>
  </ACCOUNT>
  <ACCOUNT lastmodified="2023-12-09" parentaccount="A000002" id="A000003" lastreconciled="" number="" name="Bargeld" type="3" opened="2023-10-14" institution="" description="" currency="EUR">
   <SUBACCOUNTS>
    <SUBACCOUNT id="A000065"/>
    <SUBACCOUNT id="A000066"/>
   </SUBACCOUNTS>
  </ACCOUNT>
  <ACCOUNT lastmodified="2023-12-09" parentaccount="A000002" id="A000004" lastreconciled="" number="" name="Giro RaiBa" type="1" opened="2023-01-01" institution="I000001" description="Girokonto 1" currency="EUR">
   <KEYVALUEPAIRS>
    <PAIR key="lastNumberUsed" value="1"/>
   </KEYVALUEPAIRS>
  </ACCOUNT>
  <ACCOUNT lastmodified="" parentaccount="A000002" id="A000005" lastreconciled="" number="" name="Spar RaiBa" type="1" opened="2023-10-14" institution="I000001" description="" currency="EUR"/>
  <ACCOUNT lastmodified="" parentaccount="AStd::Expense" id="A000006" lastreconciled="" number="" name="Bildung" type="13" opened="1900-01-01" institution="" description="" currency="EUR">
   <SUBACCOUNTS>
    <SUBACCOUNT id="A000007"/>
    <SUBACCOUNT id="A000008"/>
    <SUBACCOUNT id="A000009"/>
    <SUBACCOUNT id="A000010"/>
   </SUBACCOUNTS>
  </ACCOUNT>
  <ACCOUNT lastmodified="" parentaccount="A000006" id="A000007" lastreconciled="" number="" name="Abonnements" type="13" opened="1900-01-01" institution="" description="" currency="EUR"/>
  <ACCOUNT lastmodified="" parentaccount="A000006" id="A000008" lastreconciled="" number="" name="Bücher" type="13" opened="1900-01-01" institution="" description="" currency="EUR"/>
  <ACCOUNT lastmodified="" parentaccount="A000006" id="A000009" lastreconciled="" number="" name="Büroartikel" type="13" opened="1900-01-01" institution="" description="" currency="EUR"/>
  <ACCOUNT lastmodified="" parentaccount="A000006" id="A000010" lastreconciled="" number="" name="Zeitungen" type="13" opened="1900-01-01" institution="" description="" currency="EUR"/>
  <ACCOUNT lastmodified="" parentaccount="AStd::Expense" id="A000011" lastreconciled="" number="" name="Computer" type="13" opened="1900-01-01" institution="" description="" currency="EUR"/>
  <ACCOUNT lastmodified="" parentaccount="AStd::Expense" id="A000012" lastreconciled="" number="" name="Fahrtkosten" type="13" opened="1900-01-01" institution="" description="" currency="EUR">
   <SUBACCOUNTS>
    <SUBACCOUNT id="A000013"/>
   </SUBACCOUNTS>
  </ACCOUNT>
  <ACCOUNT lastmodified="" parentaccount="A000012" id="A000013" lastreconciled="" number="" name="Fahrkarten" type="13" opened="1900-01-01" institution="" description="" currency="EUR"/>
  <ACCOUNT lastmodified="" parentaccount="AStd::Expense" id="A000014" lastreconciled="" number="" name="Geschenke" type="13" opened="1900-01-01" institution="" description="" currency="EUR"/>
  <ACCOUNT lastmodified="" parentaccount="AStd::Expense" id="A000015" lastreconciled="" number="" name="Hobbies" type="13" opened="1900-01-01" institution="" description="" currency="EUR"/>
  <ACCOUNT lastmodified="" parentaccount="AStd::Expense" id="A000016" lastreconciled="" number="" name="Kleidung" type="13" opened="1900-01-01" institution="" description="" currency="EUR"/>
  <ACCOUNT lastmodified="" parentaccount="AStd::Expense" id="A000017" lastreconciled="" number="" name="Lebensmittel" type="13" opened="1900-01-01" institution="" description="" currency="EUR"/>
  <ACCOUNT lastmodified="" parentaccount="AStd::Expense" id="A000018" lastreconciled="" number="" name="Medikamente" type="13" opened="1900-01-01" institution="" description="" currency="EUR"/>
  <ACCOUNT lastmodified="" parentaccount="AStd::Expense" id="A000019" lastreconciled="" number="" name="Sonstiges" type="13" opened="1900-01-01" institution="" description="" currency="EUR">
   <SUBACCOUNTS>
    <SUBACCOUNT id="A000020"/>
    <SUBACCOUNT id="A000021"/>
   </SUBACCOUNTS>
  </ACCOUNT>
  <ACCOUNT lastmodified="2023-11-03" parentaccount="A000019" id="A000020" lastreconciled="" number="" name="Bankgebühren" type="13" opened="1900-01-01" institution="" description="" currency="EUR"/>
  <ACCOUNT lastmodified="" parentaccount="A000019" id="A000021" lastreconciled="" number="" name="Sonstiges" type="13" opened="1900-01-01" institution="" description="" currency="EUR"/>
  <ACCOUNT lastmodified="" parentaccount="AStd::Expense" id="A000022" lastreconciled="" number="" name="Spenden" type="13" opened="1900-01-01" institution="" description="" currency="EUR"/>
  <ACCOUNT lastmodified="" parentaccount="AStd::Expense" id="A000023" lastreconciled="" number="" name="Steuern" type="13" opened="1900-01-01" institution="" description="" currency="EUR">
   <SUBACCOUNTS>
    <SUBACCOUNT id="A000024"/>
    <SUBACCOUNT id="A000025"/>
    <SUBACCOUNT id="A000026"/>
    <SUBACCOUNT id="A000027"/>
    <SUBACCOUNT id="A000028"/>
    <SUBACCOUNT id="A000029"/>
   </SUBACCOUNTS>
  </ACCOUNT>
  <ACCOUNT lastmodified="" parentaccount="A000023" id="A000024" lastreconciled="" number="" name="Einkommensteuer" type="13" opened="1900-01-01" institution="" description="" currency="EUR"/>
  <ACCOUNT lastmodified="" parentaccount="A000023" id="A000025" lastreconciled="" number="" name="Pflegeversicherung" type="13" opened="1900-01-01" institution="" description="" currency="EUR"/>
  <ACCOUNT lastmodified="" parentaccount="A000023" id="A000026" lastreconciled="" number="" name="Rentenversicherung" type="13" opened="1900-01-01" institution="" description="" currency="EUR"/>
  <ACCOUNT lastmodified="" parentaccount="A000023" id="A000027" lastreconciled="" number="" name="Solidaritätszuschlag" type="13" opened="1900-01-01" institution="" description="" currency="EUR"/>
  <ACCOUNT lastmodified="" parentaccount="A000023" id="A000028" lastreconciled="" number="" name="Sonstige" type="13" opened="1900-01-01" institution="" description="" currency="EUR"/>
  <ACCOUNT lastmodified="" parentaccount="A000023" id="A000029" lastreconciled="" number="" name="Sozialabgaben" type="13" opened="1900-01-01" institution="" description="" currency="EUR"/>
  <ACCOUNT lastmodified="" parentaccount="AStd::Expense" id="A000030" lastreconciled="" number="" name="Telekommunikation" type="13" opened="1900-01-01" institution="" description="" currency="EUR">
   <SUBACCOUNTS>
    <SUBACCOUNT id="A000031"/>
    <SUBACCOUNT id="A000032"/>
    <SUBACCOUNT id="A000033"/>
   </SUBACCOUNTS>
  </ACCOUNT>
  <ACCOUNT lastmodified="" parentaccount="A000030" id="A000031" lastreconciled="" number="" name="Fernsehen" type="13" opened="1900-01-01" institution="" description="" currency="EUR"/>
  <ACCOUNT lastmodified="" parentaccount="A000030" id="A000032" lastreconciled="" number="" name="Online-Dienste" type="13" opened="1900-01-01" institution="" description="" currency="EUR"/>
  <ACCOUNT lastmodified="" parentaccount="A000030" id="A000033" lastreconciled="" number="" name="Telefon" type="13" opened="1900-01-01" institution="" description="" currency="EUR"/>
  <ACCOUNT lastmodified="" parentaccount="AStd::Expense" id="A000034" lastreconciled="" number="" name="Unterhaltung" type="13" opened="1900-01-01" institution="" description="" currency="EUR">
   <SUBACCOUNTS>
    <SUBACCOUNT id="A000035"/>
    <SUBACCOUNT id="A000036"/>
    <SUBACCOUNT id="A000037"/>
    <SUBACCOUNT id="A000038"/>
   </SUBACCOUNTS>
  </ACCOUNT>
  <ACCOUNT lastmodified="" parentaccount="A000034" id="A000035" lastreconciled="" number="" name="Ausgehen" type="13" opened="1900-01-01" institution="" description="" currency="EUR"/>
  <ACCOUNT lastmodified="" parentaccount="A000034" id="A000036" lastreconciled="" number="" name="Musik/Kino" type="13" opened="1900-01-01" institution="" description="" currency="EUR"/>
  <ACCOUNT lastmodified="" parentaccount="A000034" id="A000037" lastreconciled="" number="" name="Reisen" type="13" opened="1900-01-01" institution="" description="" currency="EUR"/>
  <ACCOUNT lastmodified="" parentaccount="A000034" id="A000038" lastreconciled="" number="" name="Sport" type="13" opened="1900-01-01" institution="" description="" currency="EUR"/>
  <ACCOUNT lastmodified="" parentaccount="AStd::Expense" id="A000039" lastreconciled="" number="" name="Versicherungen" type="13" opened="1900-01-01" institution="" description="" currency="EUR">
   <SUBACCOUNTS>
    <SUBACCOUNT id="A000040"/>
    <SUBACCOUNT id="A000041"/>
   </SUBACCOUNTS>
  </ACCOUNT>
  <ACCOUNT lastmodified="" parentaccount="A000039" id="A000040" lastreconciled="" number="" name="Haftpflicht" type="13" opened="1900-01-01" institution="" description="" currency="EUR"/>
  <ACCOUNT lastmodified="" parentaccount="A000039" id="A000041" lastreconciled="" number="" name="Krankenversicherung" type="13" opened="1900-01-01" institution="" description="" currency="EUR"/>
  <ACCOUNT lastmodified="" parentaccount="AStd::Expense" id="A000042" lastreconciled="" number="" name="Wohnen" type="13" opened="1900-01-01" institution="" description="" currency="EUR">
   <SUBACCOUNTS>
    <SUBACCOUNT id="A000043"/>
    <SUBACCOUNT id="A000044"/>
   </SUBACCOUNTS>
  </ACCOUNT>
  <ACCOUNT lastmodified="2023-12-09" parentaccount="A000042" id="A000043" lastreconciled="" number="" name="Miete" type="13" opened="1900-01-01" institution="" description="" currency="EUR"/>
  <ACCOUNT lastmodified="" parentaccount="A000042" id="A000044" lastreconciled="" number="" name="Nebenkosten" type="13" opened="1900-01-01" institution="" description="" currency="EUR">
   <SUBACCOUNTS>
    <SUBACCOUNT id="A000045"/>
    <SUBACCOUNT id="A000046"/>
    <SUBACCOUNT id="A000047"/>
    <SUBACCOUNT id="A000048"/>
   </SUBACCOUNTS>
  </ACCOUNT>
  <ACCOUNT lastmodified="" parentaccount="A000044" id="A000045" lastreconciled="" number="" name="Abfall" type="13" opened="1900-01-01" institution="" description="" currency="EUR"/>
  <ACCOUNT lastmodified="" parentaccount="A000044" id="A000046" lastreconciled="" number="" name="Gas" type="13" opened="1900-01-01" institution="" description="" currency="EUR"/>
  <ACCOUNT lastmodified="" parentaccount="A000044" id="A000047" lastreconciled="" number="" name="Strom" type="13" opened="1900-01-01" institution="" description="" currency="EUR"/>
  <ACCOUNT lastmodified="" parentaccount="A000044" id="A000048" lastreconciled="" number="" name="Wasser" type="13" opened="1900-01-01" institution="" description="" currency="EUR"/>
  <ACCOUNT lastmodified="" parentaccount="AStd::Income" id="A000049" lastreconciled="" number="" name="Gehalt" type="12" opened="1900-01-01" institution="" description="" currency="EUR">
   <SUBACCOUNTS>
    <SUBACCOUNT id="A000050"/>
    <SUBACCOUNT id="A000051"/>
   </SUBACCOUNTS>
  </ACCOUNT>
  <ACCOUNT lastmodified="2023-12-09" parentaccount="A000049" id="A000050" lastreconciled="" number="" name="Gehalt" type="12" opened="1900-01-01" institution="" description="" currency="EUR"/>
  <ACCOUNT lastmodified="2023-12-09" parentaccount="A000049" id="A000051" lastreconciled="" number="" name="Zulagen" type="12" opened="1900-01-01" institution="" description="" currency="EUR"/>
  <ACCOUNT lastmodified="" parentaccount="AStd::Income" id="A000052" lastreconciled="" number="" name="Geschenke" type="12" opened="1900-01-01" institution="" description="" currency="EUR"/>
  <ACCOUNT lastmodified="2023-11-03" parentaccount="AStd::Income" id="A000053" lastreconciled="" number="" name="Sonstiges" type="12" opened="1900-01-01" institution="" description="" currency="EUR"/>
  <ACCOUNT lastmodified="" parentaccount="AStd::Income" id="A000054" lastreconciled="" number="" name="Zinsen" type="12" opened="1900-01-01" institution="" description="" currency="EUR">
   <SUBACCOUNTS>
    <SUBACCOUNT id="A000055"/>
    <SUBACCOUNT id="A000056"/>
    <SUBACCOUNT id="A000057"/>
   </SUBACCOUNTS>
  </ACCOUNT>
  <ACCOUNT lastmodified="" parentaccount="A000054" id="A000055" lastreconciled="" number="" name="Girokonto" type="12" opened="1900-01-01" institution="" description="" currency="EUR"/>
  <ACCOUNT lastmodified="" parentaccount="A000054" id="A000056" lastreconciled="" number="" name="Sonstige" type="12" opened="1900-01-01" institution="" description="" currency="EUR"/>
  <ACCOUNT lastmodified="" parentaccount="A000054" id="A000057" lastreconciled="" number="" name="Sparkonto" type="12" opened="1900-01-01" institution="" description="" currency="EUR"/>
  <ACCOUNT lastmodified="" parentaccount="AStd::Liability" id="A000058" lastreconciled="" number="" name="Barverbindlichkeiten" type="10" opened="2023-10-14" institution="" description="" currency="EUR">
   <SUBACCOUNTS>
    <SUBACCOUNT id="A000059"/>
   </SUBACCOUNTS>
  </ACCOUNT>
  <ACCOUNT lastmodified="" parentaccount="A000058" id="A000059" lastreconciled="" number="" name="Kreditkarte" type="4" opened="2023-10-14" institution="" description="" currency="EUR"/>
  <ACCOUNT lastmodified="" parentaccount="AStd::Asset" id="A000061" lastreconciled="" number="" name="Finanzanlagen" type="9" opened="2023-01-01" institution="" description="" currency="EUR">
   <SUBACCOUNTS>
    <SUBACCOUNT id="A000062"/>
   </SUBACCOUNTS>
   <KEYVALUEPAIRS>
    <PAIR key="iban" value=""/>
   </KEYVALUEPAIRS>
  </ACCOUNT>
  <ACCOUNT lastmodified="" parentaccount="A000061" id="A000062" lastreconciled="" number="" name="Depot RaiBa" type="7" opened="2023-01-01" institution="I000001" description="Aktiendepot 1" currency="EUR">
   <SUBACCOUNTS>
    <SUBACCOUNT id="A000063"/>
    <SUBACCOUNT id="A000064"/>
   </SUBACCOUNTS>
  </ACCOUNT>
  <ACCOUNT lastmodified="2023-11-03" parentaccount="A000062" id="A000063" lastreconciled="" number="" name="DE0007164600 SAP" type="15" opened="2023-11-03" institution="" description="" currency="E000001"/>
  <ACCOUNT lastmodified="2023-11-03" parentaccount="A000062" id="A000064" lastreconciled="" number="" name="DE0007100000 Mercedes-Benz Group AG" type="15" opened="2023-10-27" institution="" description="" currency="E000002"/>
  <ACCOUNT lastmodified="2023-12-09" parentaccount="A000003" id="A000065" lastreconciled="" number="" name="Kasse Bodo" type="3" opened="2023-01-01" institution="" description="" currency="EUR">
   <KEYVALUEPAIRS>
    <PAIR key="iban" value=""/>
   </KEYVALUEPAIRS>
  </ACCOUNT>
  <ACCOUNT lastmodified="2023-12-09" parentaccount="A000003" id="A000066" lastreconciled="" number="" name="Kasse Ada" type="3" opened="2023-01-01" institution="" description="" currency="EUR">
   <KEYVALUEPAIRS>
    <PAIR key="iban" value=""/>
   </KEYVALUEPAIRS>
  </ACCOUNT>
 </ACCOUNTS>
 <TRANSACTIONS count="18">
  <TRANSACTION commodity="EUR" entrydate="2023-11-03" id="T000000000000000001" memo="" postdate="2023-01-01">
   <SPLITS>
    <SPLIT reconciledate="" action="" payee="P000004" value="10000/1" shares="10000/1" account="A000004" id="S0001" memo="" reconcileflag="0" number="" bankid="" price="1/1"/>
    <SPLIT reconciledate="" action="" payee="P000004" value="-10000/1" shares="-10000/1" account="A000053" id="S0002" memo="" reconcileflag="0" number="" bankid="" price="1/1"/>
   </SPLITS>
  </TRANSACTION>
  <TRANSACTION commodity="EUR" entrydate="2023-10-14" id="T000000000000000002" memo="" postdate="2023-01-03">
   <SPLITS>
    <SPLIT reconciledate="" action="" payee="P000006" value="1000/1" shares="1000/1" account="A000004" id="S0001" memo="Unfug und Quatsch GmbH Gehalt" reconcileflag="0" number="" bankid="" price="1/1"/>
    <SPLIT reconciledate="" action="" payee="P000006" value="-1000/1" shares="-1000/1" account="A000050" id="S0002" memo="Unfug und Quatsch GmbH Gehalt" reconcileflag="0" number="" bankid="" price="1/1"/>
   </SPLITS>
  </TRANSACTION>
  <TRANSACTION commodity="EUR" entrydate="2023-12-09" id="T000000000000000003" memo="" postdate="2023-01-04">
   <SPLITS>
    <SPLIT reconciledate="" action="" payee="P000007" value="-150/1" shares="-150/1" account="A000004" id="S0001" memo="" reconcileflag="0" number="" bankid="" price="1/1"/>
    <SPLIT reconciledate="" action="" payee="P000007" value="150/1" shares="150/1" account="A000043" id="S0002" memo="" reconcileflag="0" number="" bankid="" price="1/1"/>
   </SPLITS>
  </TRANSACTION>
  <TRANSACTION commodity="EUR" entrydate="2023-12-09" id="T000000000000000004" memo="" postdate="2023-02-03">
   <SPLITS>
    <SPLIT reconciledate="" action="" payee="P000006" value="1000/1" shares="1000/1" account="A000004" id="S0001" memo="" reconcileflag="0" number="" bankid="" price="1/1"/>
    <SPLIT reconciledate="" action="" payee="P000006" value="-1000/1" shares="-1000/1" account="A000050" id="S0002" memo="" reconcileflag="0" number="" bankid="" price="1/1"/>
   </SPLITS>
  </TRANSACTION>
  <TRANSACTION commodity="EUR" entrydate="2023-12-09" id="T000000000000000005" memo="" postdate="2023-02-04">
   <SPLITS>
    <SPLIT reconciledate="" action="" payee="P000007" value="-150/1" shares="-150/1" account="A000004" id="S0001" memo="" reconcileflag="0" number="" bankid="" price="1/1"/>
    <SPLIT reconciledate="" action="" payee="P000007" value="150/1" shares="150/1" account="A000043" id="S0002" memo="" reconcileflag="0" number="" bankid="" price="1/1"/>
   </SPLITS>
  </TRANSACTION>
  <TRANSACTION commodity="EUR" entrydate="2023-12-09" id="T000000000000000006" memo="" postdate="2023-03-03">
   <SPLITS>
    <SPLIT reconciledate="" action="" payee="P000006" value="1000/1" shares="1000/1" account="A000004" id="S0001" memo="" reconcileflag="0" number="" bankid="" price="1/1"/>
    <SPLIT reconciledate="" action="" payee="P000006" value="-1000/1" shares="-1000/1" account="A000050" id="S0002" memo="" reconcileflag="0" number="" bankid="" price="1/1"/>
   </SPLITS>
  </TRANSACTION>
  <TRANSACTION commodity="EUR" entrydate="2023-12-09" id="T000000000000000007" memo="" postdate="2023-03-04">
   <SPLITS>
    <SPLIT reconciledate="" action="" payee="P000007" value="-150/1" shares="-150/1" account="A000004" id="S0001" memo="" reconcileflag="0" number="" bankid="" price="1/1"/>
    <SPLIT reconciledate="" action="" payee="P000007" value="150/1" shares="150/1" account="A000043" id="S0002" memo="" reconcileflag="0" number="" bankid="" price="1/1"/>
   </SPLITS>
  </TRANSACTION>
  <TRANSACTION commodity="EUR" entrydate="2023-12-09" id="T000000000000000008" memo="" postdate="2023-04-03">
   <SPLITS>
    <SPLIT reconciledate="" action="" payee="P000006" value="1000/1" shares="1000/1" account="A000004" id="S0001" memo="" reconcileflag="0" number="" bankid="" price="1/1"/>
    <SPLIT reconciledate="" action="" payee="P000006" value="-1000/1" shares="-1000/1" account="A000050" id="S0002" memo="" reconcileflag="0" number="" bankid="" price="1/1"/>
   </SPLITS>
  </TRANSACTION>
  <TRANSACTION commodity="EUR" entrydate="2023-12-09" id="T000000000000000009" memo="" postdate="2023-04-04">
   <SPLITS>
    <SPLIT reconciledate="" action="" payee="P000007" value="-150/1" shares="-150/1" account="A000004" id="S0001" memo="" reconcileflag="0" number="" bankid="" price="1/1"/>
    <SPLIT reconciledate="" action="" payee="P000007" value="150/1" shares="150/1" account="A000043" id="S0002" memo="" reconcileflag="0" number="" bankid="" price="1/1"/>
   </SPLITS>
  </TRANSACTION>
  <TRANSACTION commodity="EUR" entrydate="2023-12-09" id="T000000000000000010" memo="" postdate="2023-05-03">
   <SPLITS>
    <SPLIT reconciledate="" action="" payee="P000006" value="1000/1" shares="1000/1" account="A000004" id="S0001" memo="" reconcileflag="0" number="" bankid="" price="1/1"/>
    <SPLIT reconciledate="" action="" payee="P000006" value="-1000/1" shares="-1000/1" account="A000050" id="S0002" memo="" reconcileflag="0" number="" bankid="" price="1/1"/>
   </SPLITS>
  </TRANSACTION>
  <TRANSACTION commodity="EUR" entrydate="2023-12-09" id="T000000000000000011" memo="" postdate="2023-05-04">
   <SPLITS>
    <SPLIT reconciledate="" action="" payee="P000007" value="-150/1" shares="-150/1" account="A000004" id="S0001" memo="" reconcileflag="0" number="" bankid="" price="1/1"/>
    <SPLIT reconciledate="" action="" payee="P000007" value="150/1" shares="150/1" account="A000043" id="S0002" memo="" reconcileflag="0" number="" bankid="" price="1/1"/>
   </SPLITS>
  </TRANSACTION>
  <TRANSACTION commodity="EUR" entrydate="2023-12-09" id="T000000000000000012" memo="" postdate="2023-06-03">
   <SPLITS>
    <SPLIT reconciledate="" action="" payee="P000006" value="1000/1" shares="1000/1" account="A000004" id="S0001" memo="" reconcileflag="0" number="" bankid="" price="1/1"/>
    <SPLIT reconciledate="" action="" payee="P000006" value="-1000/1" shares="-1000/1" account="A000050" id="S0002" memo="" reconcileflag="0" number="" bankid="" price="1/1"/>
   </SPLITS>
  </TRANSACTION>
  <TRANSACTION commodity="EUR" entrydate="2023-12-09" id="T000000000000000013" memo="" postdate="2023-06-03">
   <SPLITS>
    <SPLIT reconciledate="" action="" payee="P000006" value="500/1" shares="500/1" account="A000004" id="S0001" memo="Prämie" reconcileflag="0" number="" bankid="" price="1/1"/>
    <SPLIT reconciledate="" action="" payee="P000006" value="-500/1" shares="-500/1" account="A000051" id="S0002" memo="Prämie" reconcileflag="0" number="" bankid="" price="1/1"/>
   </SPLITS>
  </TRANSACTION>
  <TRANSACTION commodity="EUR" entrydate="2023-12-09" id="T000000000000000014" memo="" postdate="2023-06-04">
   <SPLITS>
    <SPLIT reconciledate="" action="" payee="P000007" value="-150/1" shares="-150/1" account="A000004" id="S0001" memo="" reconcileflag="0" number="" bankid="" price="1/1"/>
    <SPLIT reconciledate="" action="" payee="P000007" value="150/1" shares="150/1" account="A000043" id="S0002" memo="" reconcileflag="0" number="" bankid="" price="1/1"/>
   </SPLITS>
  </TRANSACTION>
  <TRANSACTION commodity="EUR" entrydate="2023-10-14" id="T000000000000000015" memo="" postdate="2023-10-14">
   <SPLITS>
    <SPLIT reconciledate="" action="" payee="P000003" value="-150/1" shares="-150/1" account="A000004" id="S0001" memo="Bargeldauszahlung" reconcileflag="0" number="" bankid="" price="1/1"/>
    <SPLIT reconciledate="" action="" payee="P000003" value="150/1" shares="150/1" account="A000065" id="S0002" memo="Bargeldauszahlung" reconcileflag="0" number="" bankid="" price="1/1"/>
   </SPLITS>
  </TRANSACTION>
  <TRANSACTION commodity="EUR" entrydate="2023-12-09" id="T000000000000000016" memo="" postdate="2023-10-14">
   <SPLITS>
    <SPLIT reconciledate="" action="" payee="P000008" value="-95/1" shares="-95/1" account="A000065" id="S0001" memo="" reconcileflag="0" number="" bankid="" price="1/1"/>
    <SPLIT reconciledate="" action="" payee="P000008" value="95/1" shares="95/1" account="A000066" id="S0002" memo="" reconcileflag="0" number="" bankid="" price="1/1"/>
   </SPLITS>
  </TRANSACTION>
  <TRANSACTION commodity="EUR" entrydate="2023-11-03" id="T000000000000000017" memo="" postdate="2023-10-27">
   <SPLITS>
    <SPLIT reconciledate="" action="" payee="" value="-3931/2" shares="-3931/2" account="A000004" id="S0001" memo="" reconcileflag="0" number="" bankid="" price="1/1"/>
    <SPLIT reconciledate="" action="" payee="" value="21/2" shares="21/2" account="A000020" id="S0002" memo="" reconcileflag="0" number="" bankid="" price="1/1"/>
    <SPLIT reconciledate="" action="Buy" payee="" value="1955/1" shares="17/1" account="A000064" id="S0003" memo="" reconcileflag="0" number="" bankid="" price="115/1"/>
   </SPLITS>
  </TRANSACTION>
  <TRANSACTION commodity="EUR" entrydate="2023-11-03" id="T000000000000000018" memo="" postdate="2023-11-03">
   <SPLITS>
    <SPLIT reconciledate="" action="" payee="" value="-1810/1" shares="-1810/1" account="A000004" id="S0001" memo="" reconcileflag="0" number="" bankid="" price="1/1"/>
    <SPLIT reconciledate="" action="" payee="" value="10/1" shares="10/1" account="A000020" id="S0002" memo="" reconcileflag="0" number="" bankid="" price="1/1"/>
    <SPLIT reconciledate="" action="Buy" payee="" value="1800/1" shares="15/1" account="A000063" id="S0003" memo="" reconcileflag="0" number="" bankid="" price="120/1"/>
   </SPLITS>
  </TRANSACTION>
 </TRANSACTIONS>
 <KEYVALUEPAIRS>
  <PAIR key="kmm-baseCurrency" value="EUR"/>
  <PAIR key="kmm-id" value="{1f7ec5d2-f982-48eb-9ae3-22095e2362ee}"/>
 </KEYVALUEPAIRS>
 <SCHEDULES count="0"/>
 <SECURITIES count="2">
  <SECURITY pp="2" symbol="SAP" id="E000001" trading-market="XETRA" name="SAP AG" saf="100" type="0" rounding-method="7" trading-currency="EUR">
   <KEYVALUEPAIRS>
    <PAIR key="kmm-security-id" value="DE0007164600"/>
   </KEYVALUEPAIRS>
  </SECURITY>
  <SECURITY pp="2" symbol="MBG" id="E000002" trading-market="XETRA" name="Mercedes-Benz Group AG" saf="100" type="0" rounding-method="7" trading-currency="EUR">
   <KEYVALUEPAIRS>
    <PAIR key="kmm-security-id" value="DE0007100000"/>
   </KEYVALUEPAIRS>
  </SECURITY>
 </SECURITIES>
 <CURRENCIES count="2">
  <CURRENCY pp="4" symbol="€" id="EUR" name="Euro" saf="100" scf="100" type="3" rounding-method="7"/>
  <CURRENCY pp="4" symbol="$" id="USD" name="US Dollar" saf="100" scf="100" type="3" rounding-method="7"/>
 </CURRENCIES>
 <PRICES count="3">
  <PRICEPAIR to="EUR" from="E000001">
   <PRICE date="2023-11-03" price="120/1" source="Transaction"/>
   <PRICE date="2023-11-07" price="239/2" source="User"/>
  </PRICEPAIR>
  <PRICEPAIR to="EUR" from="E000002">
   <PRICE date="2023-10-27" price="115/1" source="Transaction"/>
   <PRICE date="2023-11-01" price="233/2" source="User"/>
  </PRICEPAIR>
  <PRICEPAIR to="EUR" from="USD">
   <PRICE date="2023-12-04" price="23/25" source="User"/>
  </PRICEPAIR>
 </PRICES>
 <REPORTS count="0"/>
 <BUDGETS count="0"/>
 <ONLINEJOBS count="0"/>
</KMYMONEY-FILE>
