<?xml version="1.0" encoding="utf-8"?>
<!DOCTYPE KMYMONEY-FILE>
<KMYMONEY-FILE>
 <FILEINFO>
  <CREATION_DATE date="2023-10-14"/>
  <LAST_MODIFIED_DATE date="2024-06-01"/>
  <VERSION id="1"/>
  <FIXVERSION id="5"/>
 </FILEINFO>
 <USER email="" name="John Doe">
  <ADDRESS county="" street="" zipcode="" city="" telephone=""/>
 </USER>
 <INSTITUTIONS count="2">
  <INSTITUTION manager="" sortcode="" name="RaiBa" id="I000001">
   <ADDRESS street="" city="" telephone="" zip=""/>
   <ACCOUNTIDS>
    <ACCOUNTID id="A000004"/>
    <ACCOUNTID id="A000005"/>
    <ACCOUNTID id="A000062"/>
   </ACCOUNTIDS>
   <KEYVALUEPAIRS>
    <PAIR key="bic" value=""/>
    <PAIR key="url" value=""/>
   </KEYVALUEPAIRS>
  </INSTITUTION>
  <INSTITUTION manager="" sortcode="666" name="My Gibberish Bank" id="I000002">
   <ADDRESS street="Gibby St" city="Gibbon City" telephone="+1 - 44 - 1234" zip="E23Q452"/>
   <ACCOUNTIDS/>
   <KEYVALUEPAIRS>
    <PAIR key="bic" value="TMBQBHDGXXX"/>
    <PAIR key="url" value="gibberish.com"/>
   </KEYVALUEPAIRS>
  </INSTITUTION>
 </INSTITUTIONS>
 <PAYEES count="9">
  <PAYEE matchingenabled="0" reference="" email="" name="Eingang" id="P000001">
   <ADDRESS postcode="" state="" street="" city="" telephone=""/>
  </PAYEE>
  <PAYEE matchingenabled="0" reference="" email="" name="Gehalt" id="P000002">
   <ADDRESS postcode="" state="" street="" city="" telephone=""/>
  </PAYEE>
  <PAYEE matchingenabled="0" reference="" email="" name="Geldautomat" id="P000003">
   <ADDRESS postcode="" state="" street="" city="" telephone=""/>
  </PAYEE>
  <PAYEE matchingenabled="0" reference="" email="" name="Eröffnungssaldo" id="P000004">
   <ADDRESS postcode="" state="" street="" city="" telephone=""/>
  </PAYEE>
  <PAYEE matchingenabled="0" reference="" email="fuerchtegott.schnorzelmoeller@prater.at" notes="Pezi-Bär von der Urania kennt ihn gut" name="Fürchtegott Schnorzelmöller" id="P000005">
   <ADDRESS postcode="1136" state="Österreich" street="Krailbacher Gasse 123 a&#xa;Postfach ABC&#xa;Kennwort Kasperlpost" city="Wien" telephone="+43 - 12 - 277278279"/>
  </PAYEE>
  <PAYEE matchingenabled="0" reference="" email="" name="Unfug &amp; Quatsch" id="P000006">
   <ADDRESS postcode="" state="" street="" city="" telephone=""/>
  </PAYEE>
  <PAYEE matchingenabled="0" reference="" email="" name="Vermietomat GmbH" id="P000007">
   <ADDRESS postcode="" state="" street="" city="" telephone=""/>
  </PAYEE>
  <PAYEE matchingenabled="0" reference="" email="" name="Haushaltsgeld" id="P000008">
   <ADDRESS postcode="" state="" street="" city="" telephone=""/>
  </PAYEE>
  <PAYEE matchingenabled="1" reference="" email="" matchkey="Kiosk Sesamstrasse" usingmatchkey="1" name="Hubers Laden" id="P000009" matchignorecase="1">
   <ADDRESS postcode="" state="" street="" city="" telephone=""/>
  </PAYEE>
 </PAYEES>
 <COSTCENTERS count="0"/>
 <TAGS count="0"/>
 <ACCOUNTS count="76">
  <ACCOUNT type="9" opened="" parentaccount="" institution="" lastreconciled="" description="" name="Asset" id="AStd::Asset" lastmodified="" currency="EUR" number="">
   <SUBACCOUNTS>
    <SUBACCOUNT id="A000002"/>
    <SUBACCOUNT id="A000061"/>
   </SUBACCOUNTS>
  </ACCOUNT>
  <ACCOUNT type="10" opened="" parentaccount="" institution="" lastreconciled="" description="" name="Liability" id="AStd::Liability" lastmodified="" currency="EUR" number="">
   <SUBACCOUNTS>
    <SUBACCOUNT id="A000058"/>
   </SUBACCOUNTS>
  </ACCOUNT>
  <ACCOUNT type="13" opened="" parentaccount="" institution="" lastreconciled="" description="" name="Expense" id="AStd::Expense" lastmodified="" currency="EUR" number="">
   <SUBACCOUNTS>
    <SUBACCOUNT id="A000006"/>
    <SUBACCOUNT id="A000011"/>
    <SUBACCOUNT id="A000012"/>
    <SUBACCOUNT id="A000014"/>
    <SUBACCOUNT id="A000015"/>
    <SUBACCOUNT id="A000016"/>
    <SUBACCOUNT id="A000017"/>
    <SUBACCOUNT id="A000018"/>
    <SUBACCOUNT id="A000019"/>
    <SUBACCOUNT id="A000022"/>
    <SUBACCOUNT id="A000023"/>
    <SUBACCOUNT id="A000030"/>
    <SUBACCOUNT id="A000034"/>
    <SUBACCOUNT id="A000039"/>
    <SUBACCOUNT id="A000042"/>
    <SUBACCOUNT id="A000072"/>
   </SUBACCOUNTS>
  </ACCOUNT>
  <ACCOUNT type="12" opened="" parentaccount="" institution="" lastreconciled="" description="" name="Income" id="AStd::Income" lastmodified="" currency="EUR" number="">
   <SUBACCOUNTS>
    <SUBACCOUNT id="A000049"/>
    <SUBACCOUNT id="A000052"/>
    <SUBACCOUNT id="A000053"/>
    <SUBACCOUNT id="A000068"/>
   </SUBACCOUNTS>
  </ACCOUNT>
  <ACCOUNT type="16" opened="" parentaccount="" institution="" lastreconciled="" description="" name="Equity" id="AStd::Equity" lastmodified="" currency="EUR" number=""/>
  <ACCOUNT type="9" opened="2023-10-14" parentaccount="AStd::Asset" institution="" lastreconciled="" description="" name="Barvermögen" id="A000002" lastmodified="" currency="EUR" number="">
   <SUBACCOUNTS>
    <SUBACCOUNT id="A000003"/>
    <SUBACCOUNT id="A000004"/>
    <SUBACCOUNT id="A000005"/>
   </SUBACCOUNTS>
  </ACCOUNT>
  <ACCOUNT type="3" opened="2023-10-14" parentaccount="A000002" institution="" lastreconciled="" description="" name="Bargeld" id="A000003" lastmodified="2023-12-09" currency="EUR" number="">
   <SUBACCOUNTS>
    <SUBACCOUNT id="A000065"/>
    <SUBACCOUNT id="A000066"/>
   </SUBACCOUNTS>
  </ACCOUNT>
  <ACCOUNT type="1" opened="2023-01-01" parentaccount="A000002" institution="I000001" lastreconciled="" description="Girokonto 1" name="Giro RaiBa" id="A000004" lastmodified="2023-12-09" currency="EUR" number="">
   <KEYVALUEPAIRS>
    <PAIR key="lastNumberUsed" value="1"/>
   </KEYVALUEPAIRS>
  </ACCOUNT>
  <ACCOUNT type="1" opened="2023-10-14" parentaccount="A000002" institution="I000001" lastreconciled="" description="" name="Spar RaiBa" id="A000005" lastmodified="" currency="EUR" number=""/>
  <ACCOUNT type="13" opened="1900-01-01" parentaccount="AStd::Expense" institution="" lastreconciled="" description="" name="Bildung" id="A000006" lastmodified="" currency="EUR" number="">
   <SUBACCOUNTS>
    <SUBACCOUNT id="A000007"/>
    <SUBACCOUNT id="A000008"/>
    <SUBACCOUNT id="A000009"/>
    <SUBACCOUNT id="A000010"/>
   </SUBACCOUNTS>
  </ACCOUNT>
  <ACCOUNT type="13" opened="1900-01-01" parentaccount="A000006" institution="" lastreconciled="" description="" name="Abonnements" id="A000007" lastmodified="" currency="EUR" number=""/>
  <ACCOUNT type="13" opened="1900-01-01" parentaccount="A000006" institution="" lastreconciled="" description="" name="Bücher" id="A000008" lastmodified="" currency="EUR" number=""/>
  <ACCOUNT type="13" opened="1900-01-01" parentaccount="A000006" institution="" lastreconciled="" description="" name="Büroartikel" id="A000009" lastmodified="" currency="EUR" number=""/>
  <ACCOUNT type="13" opened="1900-01-01" parentaccount="A000006" institution="" lastreconciled="" description="" name="Zeitungen" id="A000010" lastmodified="" currency="EUR" number=""/>
  <ACCOUNT type="13" opened="1900-01-01" parentaccount="AStd::Expense" institution="" lastreconciled="" description="" name="Computer" id="A000011" lastmodified="" currency="EUR" number=""/>
  <ACCOUNT type="13" opened="1900-01-01" parentaccount="AStd::Expense" institution="" lastreconciled="" description="" name="Fahrtkosten" id="A000012" lastmodified="" currency="EUR" number="">
   <SUBACCOUNTS>
    <SUBACCOUNT id="A000013"/>
   </SUBACCOUNTS>
  </ACCOUNT>
  <ACCOUNT type="13" opened="1900-01-01" parentaccount="A000012" institution="" lastreconciled="" description="" name="Fahrkarten" id="A000013" lastmodified="" currency="EUR" number=""/>
  <ACCOUNT type="13" opened="1900-01-01" parentaccount="AStd::Expense" institution="" lastreconciled="" description="" name="Geschenke" id="A000014" lastmodified="" currency="EUR" number=""/>
  <ACCOUNT type="13" opened="1900-01-01" parentaccount="AStd::Expense" institution="" lastreconciled="" description="" name="Hobbies" id="A000015" lastmodified="" currency="EUR" number=""/>
  <ACCOUNT type="13" opened="1900-01-01" parentaccount="AStd::Expense" institution="" lastreconciled="" description="" name="Kleidung" id="A000016" lastmodified="" currency="EUR" number=""/>
  <ACCOUNT type="13" opened="1900-01-01" parentaccount="AStd::Expense" institution="" lastreconciled="" description="" name="Lebensmittel" id="A000017" lastmodified="" currency="EUR" number=""/>
  <ACCOUNT type="13" opened="1900-01-01" parentaccount="AStd::Expense" institution="" lastreconciled="" description="" name="Medikamente" id="A000018" lastmodified="" currency="EUR" number=""/>
  <ACCOUNT type="13" opened="1900-01-01" parentaccount="AStd::Expense" institution="" lastreconciled="" description="" name="Sonstiges" id="A000019" lastmodified="" currency="EUR" number="">
   <SUBACCOUNTS>
    <SUBACCOUNT id="A000020"/>
    <SUBACCOUNT id="A000021"/>
   </SUBACCOUNTS>
  </ACCOUNT>
  <ACCOUNT type="13" opened="1900-01-01" parentaccount="A000019" institution="" lastreconciled="" description="" name="Bankgebühren" id="A000020" lastmodified="2023-11-03" currency="EUR" number=""/>
  <ACCOUNT type="13" opened="1900-01-01" parentaccount="A000019" institution="" lastreconciled="" description="" name="Sonstiges" id="A000021" lastmodified="" currency="EUR" number=""/>
  <ACCOUNT type="13" opened="1900-01-01" parentaccount="AStd::Expense" institution="" lastreconciled="" description="" name="Spenden" id="A000022" lastmodified="" currency="EUR" number=""/>
  <ACCOUNT type="13" opened="1900-01-01" parentaccount="AStd::Expense" institution="" lastreconciled="" description="" name="Steuern" id="A000023" lastmodified="" currency="EUR" number="">
   <SUBACCOUNTS>
    <SUBACCOUNT id="A000024"/>
    <SUBACCOUNT id="A000025"/>
    <SUBACCOUNT id="A000026"/>
    <SUBACCOUNT id="A000027"/>
    <SUBACCOUNT id="A000028"/>
    <SUBACCOUNT id="A000029"/>
    <SUBACCOUNT id="A000067"/>
   </SUBACCOUNTS>
  </ACCOUNT>
  <ACCOUNT type="13" opened="1900-01-01" parentaccount="A000023" institution="" lastreconciled="" description="" name="Einkommensteuer" id="A000024" lastmodified="" currency="EUR" number=""/>
  <ACCOUNT type="13" opened="1900-01-01" parentaccount="A000023" institution="" lastreconciled="" description="" name="Pflegeversicherung" id="A000025" lastmodified="" currency="EUR" number=""/>
  <ACCOUNT type="13" opened="1900-01-01" parentaccount="A000023" institution="" lastreconciled="" description="" name="Rentenversicherung" id="A000026" lastmodified="" currency="EUR" number=""/>
  <ACCOUNT type="13" opened="1900-01-01" parentaccount="A000023" institution="" lastreconciled="" description="" name="Solidaritätszuschlag" id="A000027" lastmodified="" currency="EUR" number=""/>
  <ACCOUNT type="13" opened="1900-01-01" parentaccount="A000023" institution="" lastreconciled="" description="" name="Sonstige" id="A000028" lastmodified="" currency="EUR" number=""/>
  <ACCOUNT type="13" opened="1900-01-01" parentaccount="A000023" institution="" lastreconciled="" description="" name="Sozialabgaben" id="A000029" lastmodified="" currency="EUR" number=""/>
  <ACCOUNT type="13" opened="1900-01-01" parentaccount="AStd::Expense" institution="" lastreconciled="" description="" name="Telekommunikation" id="A000030" lastmodified="" currency="EUR" number="">
   <SUBACCOUNTS>
    <SUBACCOUNT id="A000031"/>
    <SUBACCOUNT id="A000032"/>
    <SUBACCOUNT id="A000033"/>
   </SUBACCOUNTS>
  </ACCOUNT>
  <ACCOUNT type="13" opened="1900-01-01" parentaccount="A000030" institution="" lastreconciled="" description="" name="Fernsehen" id="A000031" lastmodified="" currency="EUR" number=""/>
  <ACCOUNT type="13" opened="1900-01-01" parentaccount="A000030" institution="" lastreconciled="" description="" name="Online-Dienste" id="A000032" lastmodified="" currency="EUR" number=""/>
  <ACCOUNT type="13" opened="1900-01-01" parentaccount="A000030" institution="" lastreconciled="" description="" name="Telefon" id="A000033" lastmodified="" currency="EUR" number=""/>
  <ACCOUNT type="13" opened="1900-01-01" parentaccount="AStd::Expense" institution="" lastreconciled="" description="" name="Unterhaltung" id="A000034" lastmodified="" currency="EUR" number="">
   <SUBACCOUNTS>
    <SUBACCOUNT id="A000035"/>
    <SUBACCOUNT id="A000036"/>
    <SUBACCOUNT id="A000037"/>
    <SUBACCOUNT id="A000038"/>
   </SUBACCOUNTS>
  </ACCOUNT>
  <ACCOUNT type="13" opened="1900-01-01" parentaccount="A000034" institution="" lastreconciled="" description="" name="Ausgehen" id="A000035" lastmodified="" currency="EUR" number=""/>
  <ACCOUNT type="13" opened="1900-01-01" parentaccount="A000034" institution="" lastreconciled="" description="" name="Musik/Kino" id="A000036" lastmodified="" currency="EUR" number=""/>
  <ACCOUNT type="13" opened="1900-01-01" parentaccount="A000034" institution="" lastreconciled="" description="" name="Reisen" id="A000037" lastmodified="" currency="EUR" number=""/>
  <ACCOUNT type="13" opened="1900-01-01" parentaccount="A000034" institution="" lastreconciled="" description="" name="Sport" id="A000038" lastmodified="" currency="EUR" number=""/>
  <ACCOUNT type="13" opened="1900-01-01" parentaccount="AStd::Expense" institution="" lastreconciled="" description="" name="Versicherungen" id="A000039" lastmodified="" currency="EUR" number="">
   <SUBACCOUNTS>
    <SUBACCOUNT id="A000040"/>
    <SUBACCOUNT id="A000041"/>
   </SUBACCOUNTS>
  </ACCOUNT>
  <ACCOUNT type="13" opened="1900-01-01" parentaccount="A000039" institution="" lastreconciled="" description="" name="Haftpflicht" id="A000040" lastmodified="" currency="EUR" number=""/>
  <ACCOUNT type="13" opened="1900-01-01" parentaccount="A000039" institution="" lastreconciled="" description="" name="Krankenversicherung" id="A000041" lastmodified="" currency="EUR" number=""/>
  <ACCOUNT type="13" opened="1900-01-01" parentaccount="AStd::Expense" institution="" lastreconciled="" description="" name="Wohnen" id="A000042" lastmodified="" currency="EUR" number="">
   <SUBACCOUNTS>
    <SUBACCOUNT id="A000043"/>
    <SUBACCOUNT id="A000044"/>
   </SUBACCOUNTS>
  </ACCOUNT>
  <ACCOUNT type="13" opened="1900-01-01" parentaccount="A000042" institution="" lastreconciled="" description="" name="Miete" id="A000043" lastmodified="2023-12-09" currency="EUR" number=""/>
  <ACCOUNT type="13" opened="1900-01-01" parentaccount="A000042" institution="" lastreconciled="" description="" name="Nebenkosten" id="A000044" lastmodified="" currency="EUR" number="">
   <SUBACCOUNTS>
    <SUBACCOUNT id="A000045"/>
    <SUBACCOUNT id="A000046"/>
    <SUBACCOUNT id="A000047"/>
    <SUBACCOUNT id="A000048"/>
   </SUBACCOUNTS>
  </ACCOUNT>
  <ACCOUNT type="13" opened="1900-01-01" parentaccount="A000044" institution="" lastreconciled="" description="" name="Abfall" id="A000045" lastmodified="" currency="EUR" number=""/>
  <ACCOUNT type="13" opened="1900-01-01" parentaccount="A000044" institution="" lastreconciled="" description="" name="Gas" id="A000046" lastmodified="" currency="EUR" number=""/>
  <ACCOUNT type="13" opened="1900-01-01" parentaccount="A000044" institution="" lastreconciled="" description="" name="Strom" id="A000047" lastmodified="" currency="EUR" number=""/>
  <ACCOUNT type="13" opened="1900-01-01" parentaccount="A000044" institution="" lastreconciled="" description="" name="Wasser" id="A000048" lastmodified="" currency="EUR" number=""/>
  <ACCOUNT type="12" opened="1900-01-01" parentaccount="AStd::Income" institution="" lastreconciled="" description="" name="Gehalt" id="A000049" lastmodified="" currency="EUR" number="">
   <SUBACCOUNTS>
    <SUBACCOUNT id="A000050"/>
    <SUBACCOUNT id="A000051"/>
   </SUBACCOUNTS>
  </ACCOUNT>
  <ACCOUNT type="12" opened="1900-01-01" parentaccount="A000049" institution="" lastreconciled="" description="" name="Gehalt" id="A000050" lastmodified="2023-12-09" currency="EUR" number=""/>
  <ACCOUNT type="12" opened="1900-01-01" parentaccount="A000049" institution="" lastreconciled="" description="" name="Zulagen" id="A000051" lastmodified="2023-12-09" currency="EUR" number=""/>
  <ACCOUNT type="12" opened="1900-01-01" parentaccount="AStd::Income" institution="" lastreconciled="" description="" name="Geschenke" id="A000052" lastmodified="" currency="EUR" number=""/>
  <ACCOUNT type="12" opened="1900-01-01" parentaccount="AStd::Income" institution="" lastreconciled="" description="" name="Sonstiges" id="A000053" lastmodified="2023-11-03" currency="EUR" number=""/>
  <ACCOUNT type="12" opened="1900-01-01" parentaccount="A000068" institution="" lastreconciled="" description="" name="Zinsen" id="A000054" lastmodified="" currency="EUR" number="">
   <SUBACCOUNTS>
    <SUBACCOUNT id="A000055"/>
    <SUBACCOUNT id="A000056"/>
    <SUBACCOUNT id="A000057"/>
   </SUBACCOUNTS>
  </ACCOUNT>
  <ACCOUNT type="12" opened="1900-01-01" parentaccount="A000054" institution="" lastreconciled="" description="" name="Girokonto" id="A000055" lastmodified="" currency="EUR" number=""/>
  <ACCOUNT type="12" opened="1900-01-01" parentaccount="A000054" institution="" lastreconciled="" description="" name="Sonstige" id="A000056" lastmodified="" currency="EUR" number=""/>
  <ACCOUNT type="12" opened="1900-01-01" parentaccount="A000054" institution="" lastreconciled="" description="" name="Sparkonto" id="A000057" lastmodified="" currency="EUR" number=""/>
  <ACCOUNT type="10" opened="2023-10-14" parentaccount="AStd::Liability" institution="" lastreconciled="" description="" name="Barverbindlichkeiten" id="A000058" lastmodified="" currency="EUR" number="">
   <SUBACCOUNTS>
    <SUBACCOUNT id="A000059"/>
   </SUBACCOUNTS>
  </ACCOUNT>
  <ACCOUNT type="4" opened="2023-10-14" parentaccount="A000058" institution="" lastreconciled="" description="" name="Kreditkarte" id="A000059" lastmodified="" currency="EUR" number=""/>
  <ACCOUNT type="9" opened="2023-01-01" parentaccount="AStd::Asset" institution="" lastreconciled="" description="" name="Finanzanlagen" id="A000061" lastmodified="" currency="EUR" number="">
   <SUBACCOUNTS>
    <SUBACCOUNT id="A000062"/>
   </SUBACCOUNTS>
   <KEYVALUEPAIRS>
    <PAIR key="iban" value=""/>
   </KEYVALUEPAIRS>
  </ACCOUNT>
  <ACCOUNT type="7" opened="2023-01-01" parentaccount="A000061" institution="I000001" lastreconciled="" description="Aktiendepot 1" name="Depot RaiBa" id="A000062" lastmodified="" currency="EUR" number="">
   <SUBACCOUNTS>
    <SUBACCOUNT id="A000063"/>
    <SUBACCOUNT id="A000064"/>
   </SUBACCOUNTS>
   <KEYVALUEPAIRS>
    <PAIR key="iban" value="DE01 1234 2345 3456 4567 99"/>
   </KEYVALUEPAIRS>
  </ACCOUNT>
  <ACCOUNT type="15" opened="2023-11-03" parentaccount="A000062" institution="" lastreconciled="" description="" name="DE0007164600 SAP" id="A000063" lastmodified="2023-11-03" currency="E000001" number=""/>
  <ACCOUNT type="15" opened="2023-10-27" parentaccount="A000062" institution="" lastreconciled="" description="" name="DE0007100000 Mercedes-Benz Group AG" id="A000064" lastmodified="2024-06-01" currency="E000002" number=""/>
  <ACCOUNT type="3" opened="2023-01-01" parentaccount="A000003" institution="" lastreconciled="" description="" name="Kasse Bodo" id="A000065" lastmodified="2023-12-09" currency="EUR" number="">
   <KEYVALUEPAIRS>
    <PAIR key="iban" value=""/>
   </KEYVALUEPAIRS>
  </ACCOUNT>
  <ACCOUNT type="3" opened="2023-01-01" parentaccount="A000003" institution="" lastreconciled="" description="" name="Kasse Ada" id="A000066" lastmodified="2023-12-09" currency="EUR" number="">
   <KEYVALUEPAIRS>
    <PAIR key="iban" value=""/>
   </KEYVALUEPAIRS>
  </ACCOUNT>
  <ACCOUNT type="13" opened="1900-01-01" parentaccount="A000023" institution="" lastreconciled="" description="" name="Kapitalertrag" id="A000067" lastmodified="" currency="EUR" number=""/>
  <ACCOUNT type="12" opened="1900-01-01" parentaccount="AStd::Income" institution="" lastreconciled="" description="" name="Kapitalerträge" id="A000068" lastmodified="" currency="EUR" number="">
   <SUBACCOUNTS>
    <SUBACCOUNT id="A000054"/>
    <SUBACCOUNT id="A000069"/>
   </SUBACCOUNTS>
  </ACCOUNT>
  <ACCOUNT type="12" opened="1900-01-01" parentaccount="A000068" institution="" lastreconciled="" description="" name="Dividende" id="A000069" lastmodified="" currency="EUR" number="">
   <SUBACCOUNTS>
    <SUBACCOUNT id="A000070"/>
    <SUBACCOUNT id="A000071"/>
   </SUBACCOUNTS>
  </ACCOUNT>
  <ACCOUNT type="12" opened="1900-01-01" parentaccount="A000069" institution="" lastreconciled="" description="" name="Inland" id="A000070" lastmodified="" currency="EUR" number=""/>
  <ACCOUNT type="12" opened="1900-01-01" parentaccount="A000069" institution="" lastreconciled="" description="" name="Ausland" id="A000071" lastmodified="" currency="EUR" number=""/>
  <ACCOUNT type="13" opened="1900-01-01" parentaccount="AStd::Expense" institution="" lastreconciled="" description="" name="Bank" id="A000072" lastmodified="" currency="EUR" number="">
   <SUBACCOUNTS>
    <SUBACCOUNT id="A000073"/>
   </SUBACCOUNTS>
  </ACCOUNT>
  <ACCOUNT type="13" opened="1900-01-01" parentaccount="A000072" institution="" lastreconciled="" description="" name="Provision" id="A000073" lastmodified="" currency="EUR" number=""/>
 </ACCOUNTS>
 <TRANSACTIONS count="19">
  <TRANSACTION entrydate="2023-11-03" commodity="EUR" memo="" id="T000000000000000001" postdate="2023-01-01">
   <SPLITS>
    <SPLIT reconcileflag="0" bankid="" reconciledate="" memo="" account="A000004" id="S0001" payee="P000004" value="10000/1" price="1/1" shares="10000/1" action="" number=""/>
    <SPLIT reconcileflag="0" bankid="" reconciledate="" memo="" account="A000053" id="S0002" payee="P000004" value="-10000/1" price="1/1" shares="-10000/1" action="" number=""/>
   </SPLITS>
  </TRANSACTION>
  <TRANSACTION entrydate="2023-10-14" commodity="EUR" memo="" id="T000000000000000002" postdate="2023-01-03">
   <SPLITS>
    <SPLIT reconcileflag="0" bankid="" reconciledate="" memo="Unfug und Quatsch GmbH Gehalt" account="A000004" id="S0001" payee="P000006" value="1000/1" price="1/1" shares="1000/1" action="" number=""/>
    <SPLIT reconcileflag="0" bankid="" reconciledate="" memo="Unfug und Quatsch GmbH Gehalt" account="A000050" id="S0002" payee="P000006" value="-1000/1" price="1/1" shares="-1000/1" action="" number=""/>
   </SPLITS>
  </TRANSACTION>
  <TRANSACTION entrydate="2023-12-09" commodity="EUR" memo="" id="T000000000000000003" postdate="2023-01-04">
   <SPLITS>
    <SPLIT reconcileflag="0" bankid="" reconciledate="" memo="" account="A000004" id="S0001" payee="P000007" value="-150/1" price="1/1" shares="-150/1" action="" number=""/>
    <SPLIT reconcileflag="0" bankid="" reconciledate="" memo="" account="A000043" id="S0002" payee="P000007" value="150/1" price="1/1" shares="150/1" action="" number=""/>
   </SPLITS>
  </TRANSACTION>
  <TRANSACTION entrydate="2023-12-09" commodity="EUR" memo="" id="T000000000000000004" postdate="2023-02-03">
   <SPLITS>
    <SPLIT reconcileflag="0" bankid="" reconciledate="" memo="" account="A000004" id="S0001" payee="P000006" value="1000/1" price="1/1" shares="1000/1" action="" number=""/>
    <SPLIT reconcileflag="0" bankid="" reconciledate="" memo="" account="A000050" id="S0002" payee="P000006" value="-1000/1" price="1/1" shares="-1000/1" action="" number=""/>
   </SPLITS>
  </TRANSACTION>
  <TRANSACTION entrydate="2023-12-09" commodity="EUR" memo="" id="T000000000000000005" postdate="2023-02-04">
   <SPLITS>
    <SPLIT reconcileflag="0" bankid="" reconciledate="" memo="" account="A000004" id="S0001" payee="P000007" value="-150/1" price="1/1" shares="-150/1" action="" number=""/>
    <SPLIT reconcileflag="0" bankid="" reconciledate="" memo="" account="A000043" id="S0002" payee="P000007" value="150/1" price="1/1" shares="150/1" action="" number=""/>
   </SPLITS>
  </TRANSACTION>
  <TRANSACTION entrydate="2023-12-09" commodity="EUR" memo="" id="T000000000000000006" postdate="2023-03-03">
   <SPLITS>
    <SPLIT reconcileflag="0" bankid="" reconciledate="" memo="" account="A000004" id="S0001" payee="P000006" value="1000/1" price="1/1" shares="1000/1" action="" number=""/>
    <SPLIT reconcileflag="0" bankid="" reconciledate="" memo="" account="A000050" id="S0002" payee="P000006" value="-1000/1" price="1/1" shares="-1000/1" action="" number=""/>
   </SPLITS>
  </TRANSACTION>
  <TRANSACTION entrydate="2023-12-09" commodity="EUR" memo="" id="T000000000000000007" postdate="2023-03-04">
   <SPLITS>
    <SPLIT reconcileflag="0" bankid="" reconciledate="" memo="" account="A000004" id="S0001" payee="P000007" value="-150/1" price="1/1" shares="-150/1" action="" number=""/>
    <SPLIT reconcileflag="0" bankid="" reconciledate="" memo="" account="A000043" id="S0002" payee="P000007" value="150/1" price="1/1" shares="150/1" action="" number=""/>
   </SPLITS>
  </TRANSACTION>
  <TRANSACTION entrydate="2023-12-09" commodity="EUR" memo="" id="T000000000000000008" postdate="2023-04-03">
   <SPLITS>
    <SPLIT reconcileflag="0" bankid="" reconciledate="" memo="" account="A000004" id="S0001" payee="P000006" value="1000/1" price="1/1" shares="1000/1" action="" number=""/>
    <SPLIT reconcileflag="0" bankid="" reconciledate="" memo="" account="A000050" id="S0002" payee="P000006" value="-1000/1" price="1/1" shares="-1000/1" action="" number=""/>
   </SPLITS>
  </TRANSACTION>
  <TRANSACTION entrydate="2023-12-09" commodity="EUR" memo="" id="T000000000000000009" postdate="2023-04-04">
   <SPLITS>
    <SPLIT reconcileflag="0" bankid="" reconciledate="" memo="" account="A000004" id="S0001" payee="P000007" value="-150/1" price="1/1" shares="-150/1" action="" number=""/>
    <SPLIT reconcileflag="0" bankid="" reconciledate="" memo="" account="A000043" id="S0002" payee="P000007" value="150/1" price="1/1" shares="150/1" action="" number=""/>
   </SPLITS>
  </TRANSACTION>
  <TRANSACTION entrydate="2023-12-09" commodity="EUR" memo="" id="T000000000000000010" postdate="2023-05-03">
   <SPLITS>
    <SPLIT reconcileflag="0" bankid="" reconciledate="" memo="" account="A000004" id="S0001" payee="P000006" value="1000/1" price="1/1" shares="1000/1" action="" number=""/>
    <SPLIT reconcileflag="0" bankid="" reconciledate="" memo="" account="A000050" id="S0002" payee="P000006" value="-1000/1" price="1/1" shares="-1000/1" action="" number=""/>
   </SPLITS>
  </TRANSACTION>
  <TRANSACTION entrydate="2023-12-09" commodity="EUR" memo="" id="T000000000000000011" postdate="2023-05-04">
   <SPLITS>
    <SPLIT reconcileflag="0" bankid="" reconciledate="" memo="" account="A000004" id="S0001" payee="P000007" value="-150/1" price="1/1" shares="-150/1" action="" number=""/>
    <SPLIT reconcileflag="0" bankid="" reconciledate="" memo="" account="A000043" id="S0002" payee="P000007" value="150/1" price="1/1" shares="150/1" action="" number=""/>
   </SPLITS>
  </TRANSACTION>
  <TRANSACTION entrydate="2023-12-09" commodity="EUR" memo="" id="T000000000000000012" postdate="2023-06-03">
   <SPLITS>
    <SPLIT reconcileflag="0" bankid="" reconciledate="" memo="" account="A000004" id="S0001" payee="P000006" value="1000/1" price="1/1" shares="1000/1" action="" number=""/>
    <SPLIT reconcileflag="0" bankid="" reconciledate="" memo="" account="A000050" id="S0002" payee="P000006" value="-1000/1" price="1/1" shares="-1000/1" action="" number=""/>
   </SPLITS>
  </TRANSACTION>
  <TRANSACTION entrydate="2023-12-09" commodity="EUR" memo="" id="T000000000000000013" postdate="2023-06-03">
   <SPLITS>
    <SPLIT reconcileflag="0" bankid="" reconciledate="" memo="Prämie" account="A000004" id="S0001" payee="P000006" value="500/1" price="1/1" shares="500/1" action="" number=""/>
    <SPLIT reconcileflag="0" bankid="" reconciledate="" memo="Prämie" account="A000051" id="S0002" payee="P000006" value="-500/1" price="1/1" shares="-500/1" action="" number=""/>
   </SPLITS>
  </TRANSACTION>
  <TRANSACTION entrydate="2023-12-09" commodity="EUR" memo="" id="T000000000000000014" postdate="2023-06-04">
   <SPLITS>
    <SPLIT reconcileflag="0" bankid="" reconciledate="" memo="" account="A000004" id="S0001" payee="P000007" value="-150/1" price="1/1" shares="-150/1" action="" number=""/>
    <SPLIT reconcileflag="0" bankid="" reconciledate="" memo="" account="A000043" id="S0002" payee="P000007" value="150/1" price="1/1" shares="150/1" action="" number=""/>
   </SPLITS>
  </TRANSACTION>
  <TRANSACTION entrydate="2023-10-14" commodity="EUR" memo="" id="T000000000000000015" postdate="2023-10-14">
   <SPLITS>
    <SPLIT reconcileflag="0" bankid="" reconciledate="" memo="Bargeldauszahlung" account="A000004" id="S0001" payee="P000003" value="-150/1" price="1/1" shares="-150/1" action="" number=""/>
    <SPLIT reconcileflag="0" bankid="" reconciledate="" memo="Bargeldauszahlung" account="A000065" id="S0002" payee="P000003" value="150/1" price="1/1" shares="150/1" action="" number=""/>
   </SPLITS>
  </TRANSACTION>
  <TRANSACTION entrydate="2023-12-09" commodity="EUR" memo="" id="T000000000000000016" postdate="2023-10-14">
   <SPLITS>
    <SPLIT reconcileflag="0" bankid="" reconciledate="" memo="" account="A000065" id="S0001" payee="P000008" value="-95/1" price="1/1" shares="-95/1" action="" number=""/>
    <SPLIT reconcileflag="0" bankid="" reconciledate="" memo="" account="A000066" id="S0002" payee="P000008" value="95/1" price="1/1" shares="95/1" action="" number=""/>
   </SPLITS>
  </TRANSACTION>
  <TRANSACTION entrydate="2023-11-03" commodity="EUR" memo="" id="T000000000000000017" postdate="2023-10-27">
   <SPLITS>
    <SPLIT reconcileflag="0" bankid="" reconciledate="" memo="" account="A000004" id="S0001" payee="" value="-3931/2" price="1/1" shares="-3931/2" action="" number=""/>
    <SPLIT reconcileflag="0" bankid="" reconciledate="" memo="" account="A000020" id="S0002" payee="" value="21/2" price="1/1" shares="21/2" action="" number=""/>
    <SPLIT reconcileflag="0" bankid="" reconciledate="" memo="" account="A000064" id="S0003" payee="" value="1955/1" price="115/1" shares="17/1" action="Buy" number=""/>
   </SPLITS>
  </TRANSACTION>
  <TRANSACTION entrydate="2023-11-03" commodity="EUR" memo="" id="T000000000000000018" postdate="2023-11-03">
   <SPLITS>
    <SPLIT reconcileflag="0" bankid="" reconciledate="" memo="" account="A000004" id="S0001" payee="" value="-1810/1" price="1/1" shares="-1810/1" action="" number=""/>
    <SPLIT reconcileflag="0" bankid="" reconciledate="" memo="" account="A000020" id="S0002" payee="" value="10/1" price="1/1" shares="10/1" action="" number=""/>
    <SPLIT reconcileflag="0" bankid="" reconciledate="" memo="" account="A000063" id="S0003" payee="" value="1800/1" price="120/1" shares="15/1" action="Buy" number=""/>
   </SPLITS>
  </TRANSACTION>
  <TRANSACTION entrydate="2024-06-01" commodity="EUR" memo="" id="T000000000000000019" postdate="2024-06-01">
   <SPLITS>
    <SPLIT reconcileflag="0" bankid="" reconciledate="" memo="" account="A000064" id="S0001" payee="" value="0/1" price="1/1" shares="2/1" action="Split" number=""/>
   </SPLITS>
  </TRANSACTION>
 </TRANSACTIONS>
 <KEYVALUEPAIRS>
  <PAIR key="kmm-baseCurrency" value="EUR"/>
  <PAIR key="kmm-id" value="{1f7ec5d2-f982-48eb-9ae3-22095e2362ee}"/>
 </KEYVALUEPAIRS>
 <SCHEDULES count="0"/>
 <SECURITIES count="2">
  <SECURITY rounding-method="7" trading-currency="EUR" type="0" pp="2" saf="100" name="SAP AG" id="E000001" symbol="SAP" trading-market="XETRA">
   <KEYVALUEPAIRS>
    <PAIR key="kmm-online-source" value="Finanztreff"/>
    <PAIR key="kmm-security-id" value="DE0007164600"/>
   </KEYVALUEPAIRS>
  </SECURITY>
  <SECURITY rounding-method="7" trading-currency="EUR" type="0" pp="2" saf="100" name="Mercedes-Benz Group AG" id="E000002" symbol="MBG" trading-market="XETRA">
   <KEYVALUEPAIRS>
    <PAIR key="kmm-security-id" value="DE0007100000"/>
   </KEYVALUEPAIRS>
  </SECURITY>
 </SECURITIES>
 <CURRENCIES count="2">
  <CURRENCY rounding-method="7" type="3" pp="4" saf="100" name="Euro" id="EUR" symbol="€" scf="100"/>
  <CURRENCY rounding-method="7" type="3" pp="4" saf="100" name="US Dollar" id="USD" symbol="$" scf="100"/>
 </CURRENCIES>
 <PRICES count="3">
  <PRICEPAIR from="E000001" to="EUR">
   <PRICE source="Transaction" price="120/1" date="2023-11-03"/>
   <PRICE source="User" price="239/2" date="2023-11-07"/>
  </PRICEPAIR>
  <PRICEPAIR from="E000002" to="EUR">
   <PRICE source="Transaction" price="115/1" date="2023-10-27"/>
   <PRICE source="User" price="233/2" date="2023-11-01"/>
   <PRICE source="User" price="233/4" date="2024-06-01"/>
  </PRICEPAIR>
  <PRICEPAIR from="USD" to="EUR">
   <PRICE source="User" price="23/25" date="2023-12-04"/>
  </PRICEPAIR>
 </PRICES>
 <REPORTS count="0"/>
 <BUDGETS count="0"/>
 <ONLINEJOBS count="0"/>
</KMYMONEY-FILE>
