<?xml version="1.0" encoding="utf-8"?>
<!DOCTYPE KMYMONEY-FILE>
<KMYMONEY-FILE>
 <FILEINFO>
  <CREATION_DATE date="2023-10-14"/>
  <LAST_MODIFIED_DATE date="2024-02-29"/>
  <VERSION id="1"/>
  <FIXVERSION id="5"/>
 </FILEINFO>
 <USER email="" name="John Doe">
  <ADDRESS street="" telephone="" county="" city="" zipcode=""/>
 </USER>
 <INSTITUTIONS count="1">
  <INSTITUTION id="I000001" manager="" name="RaiBa" sortcode="">
   <ADDRESS street="" telephone="" zip="" city=""/>
   <ACCOUNTIDS>
    <ACCOUNTID id="A000004"/>
    <ACCOUNTID id="A000005"/>
    <ACCOUNTID id="A000062"/>
   </ACCOUNTIDS>
   <KEYVALUEPAIRS>
    <PAIR value="" key="bic"/>
    <PAIR value="" key="url"/>
   </KEYVALUEPAIRS>
  </INSTITUTION>
 </INSTITUTIONS>
 <PAYEES count="9">
  <PAYEE id="P000001" matchingenabled="0" reference="" email="" name="Eingang">
   <ADDRESS street="" state="" telephone="" city="" postcode=""/>
  </PAYEE>
  <PAYEE id="P000002" matchingenabled="0" reference="" email="" name="Gehalt">
   <ADDRESS street="" state="" telephone="" city="" postcode=""/>
  </PAYEE>
  <PAYEE id="P000003" matchingenabled="0" reference="" email="" name="Geldautomat">
   <ADDRESS street="" state="" telephone="" city="" postcode=""/>
  </PAYEE>
  <PAYEE id="P000004" matchingenabled="0" reference="" email="" name="Eröffnungssaldo">
   <ADDRESS street="" state="" telephone="" city="" postcode=""/>
  </PAYEE>
  <PAYEE id="P000005" notes="Pezi-Bär von der Urania kennt ihn gut" matchingenabled="0" reference="" email="fuerchtegott.schnorzelmoeller@prater.at" name="Fürchtegott Schnorzelmöller">
   <ADDRESS street="Krailbacher Gasse 123 a&#xa;Postfach ABC&#xa;Kennwort Kasperlpost" state="Österreich" telephone="+43 - 12 - 277278279" city="Wien" postcode="1136"/>
  </PAYEE>
  <PAYEE id="P000006" matchingenabled="0" reference="" email="" name="Unfug &amp; Quatsch">
   <ADDRESS street="" state="" telephone="" city="" postcode=""/>
  </PAYEE>
  <PAYEE id="P000007" matchingenabled="0" reference="" email="" name="Vermietomat GmbH">
   <ADDRESS street="" state="" telephone="" city="" postcode=""/>
  </PAYEE>
  <PAYEE id="P000008" matchingenabled="0" reference="" email="" name="Haushaltsgeld">
   <ADDRESS street="" state="" telephone="" city="" postcode=""/>
  </PAYEE>
  <PAYEE id="P000009" matchkey="Kiosk Sesamstrasse" matchingenabled="1" reference="" email="" usingmatchkey="1" name="Hubers Laden" matchignorecase="1">
   <ADDRESS street="" state="" telephone="" city="" postcode=""/>
  </PAYEE>
 </PAYEES>
 <COSTCENTERS count="0"/>
 <TAGS count="0"/>
 <ACCOUNTS count="74">
  <ACCOUNT id="AStd::Asset" lastreconciled="" opened="" description="" lastmodified="" institution="" currency="EUR" name="Asset" parentaccount="" number="" type="9">
   <SUBACCOUNTS>
    <SUBACCOUNT id="A000002"/>
    <SUBACCOUNT id="A000061"/>
   </SUBACCOUNTS>
  </ACCOUNT>
  <ACCOUNT id="AStd::Liability" lastreconciled="" opened="" description="" lastmodified="" institution="" currency="EUR" name="Liability" parentaccount="" number="" type="10">
   <SUBACCOUNTS>
    <SUBACCOUNT id="A000058"/>
   </SUBACCOUNTS>
  </ACCOUNT>
  <ACCOUNT id="AStd::Expense" lastreconciled="" opened="" description="" lastmodified="" institution="" currency="EUR" name="Expense" parentaccount="" number="" type="13">
   <SUBACCOUNTS>
    <SUBACCOUNT id="A000006"/>
    <SUBACCOUNT id="A000011"/>
    <SUBACCOUNT id="A000012"/>
    <SUBACCOUNT id="A000014"/>
    <SUBACCOUNT id="A000015"/>
    <SUBACCOUNT id="A000016"/>
    <SUBACCOUNT id="A000017"/>
    <SUBACCOUNT id="A000018"/>
    <SUBACCOUNT id="A000019"/>
    <SUBACCOUNT id="A000022"/>
    <SUBACCOUNT id="A000023"/>
    <SUBACCOUNT id="A000030"/>
    <SUBACCOUNT id="A000034"/>
    <SUBACCOUNT id="A000039"/>
    <SUBACCOUNT id="A000042"/>
   </SUBACCOUNTS>
  </ACCOUNT>
  <ACCOUNT id="AStd::Income" lastreconciled="" opened="" description="" lastmodified="" institution="" currency="EUR" name="Income" parentaccount="" number="" type="12">
   <SUBACCOUNTS>
    <SUBACCOUNT id="A000049"/>
    <SUBACCOUNT id="A000052"/>
    <SUBACCOUNT id="A000053"/>
    <SUBACCOUNT id="A000068"/>
   </SUBACCOUNTS>
  </ACCOUNT>
  <ACCOUNT id="AStd::Equity" lastreconciled="" opened="" description="" lastmodified="" institution="" currency="EUR" name="Equity" parentaccount="" number="" type="16"/>
  <ACCOUNT id="A000002" lastreconciled="" opened="2023-10-14" description="" lastmodified="" institution="" currency="EUR" name="Barvermögen" parentaccount="AStd::Asset" number="" type="9">
   <SUBACCOUNTS>
    <SUBACCOUNT id="A000003"/>
    <SUBACCOUNT id="A000004"/>
    <SUBACCOUNT id="A000005"/>
   </SUBACCOUNTS>
  </ACCOUNT>
  <ACCOUNT id="A000003" lastreconciled="" opened="2023-10-14" description="" lastmodified="2023-12-09" institution="" currency="EUR" name="Bargeld" parentaccount="A000002" number="" type="3">
   <SUBACCOUNTS>
    <SUBACCOUNT id="A000065"/>
    <SUBACCOUNT id="A000066"/>
   </SUBACCOUNTS>
  </ACCOUNT>
  <ACCOUNT id="A000004" lastreconciled="" opened="2023-01-01" description="Girokonto 1" lastmodified="2023-12-09" institution="I000001" currency="EUR" name="Giro RaiBa" parentaccount="A000002" number="" type="1">
   <KEYVALUEPAIRS>
    <PAIR value="1" key="lastNumberUsed"/>
   </KEYVALUEPAIRS>
  </ACCOUNT>
  <ACCOUNT id="A000005" lastreconciled="" opened="2023-10-14" description="" lastmodified="" institution="I000001" currency="EUR" name="Spar RaiBa" parentaccount="A000002" number="" type="1"/>
  <ACCOUNT id="A000006" lastreconciled="" opened="1900-01-01" description="" lastmodified="" institution="" currency="EUR" name="Bildung" parentaccount="AStd::Expense" number="" type="13">
   <SUBACCOUNTS>
    <SUBACCOUNT id="A000007"/>
    <SUBACCOUNT id="A000008"/>
    <SUBACCOUNT id="A000009"/>
    <SUBACCOUNT id="A000010"/>
   </SUBACCOUNTS>
  </ACCOUNT>
  <ACCOUNT id="A000007" lastreconciled="" opened="1900-01-01" description="" lastmodified="" institution="" currency="EUR" name="Abonnements" parentaccount="A000006" number="" type="13"/>
  <ACCOUNT id="A000008" lastreconciled="" opened="1900-01-01" description="" lastmodified="" institution="" currency="EUR" name="Bücher" parentaccount="A000006" number="" type="13"/>
  <ACCOUNT id="A000009" lastreconciled="" opened="1900-01-01" description="" lastmodified="" institution="" currency="EUR" name="Büroartikel" parentaccount="A000006" number="" type="13"/>
  <ACCOUNT id="A000010" lastreconciled="" opened="1900-01-01" description="" lastmodified="" institution="" currency="EUR" name="Zeitungen" parentaccount="A000006" number="" type="13"/>
  <ACCOUNT id="A000011" lastreconciled="" opened="1900-01-01" description="" lastmodified="" institution="" currency="EUR" name="Computer" parentaccount="AStd::Expense" number="" type="13"/>
  <ACCOUNT id="A000012" lastreconciled="" opened="1900-01-01" description="" lastmodified="" institution="" currency="EUR" name="Fahrtkosten" parentaccount="AStd::Expense" number="" type="13">
   <SUBACCOUNTS>
    <SUBACCOUNT id="A000013"/>
   </SUBACCOUNTS>
  </ACCOUNT>
  <ACCOUNT id="A000013" lastreconciled="" opened="1900-01-01" description="" lastmodified="" institution="" currency="EUR" name="Fahrkarten" parentaccount="A000012" number="" type="13"/>
  <ACCOUNT id="A000014" lastreconciled="" opened="1900-01-01" description="" lastmodified="" institution="" currency="EUR" name="Geschenke" parentaccount="AStd::Expense" number="" type="13"/>
  <ACCOUNT id="A000015" lastreconciled="" opened="1900-01-01" description="" lastmodified="" institution="" currency="EUR" name="Hobbies" parentaccount="AStd::Expense" number="" type="13"/>
  <ACCOUNT id="A000016" lastreconciled="" opened="1900-01-01" description="" lastmodified="" institution="" currency="EUR" name="Kleidung" parentaccount="AStd::Expense" number="" type="13"/>
  <ACCOUNT id="A000017" lastreconciled="" opened="1900-01-01" description="" lastmodified="" institution="" currency="EUR" name="Lebensmittel" parentaccount="AStd::Expense" number="" type="13"/>
  <ACCOUNT id="A000018" lastreconciled="" opened="1900-01-01" description="" lastmodified="" institution="" currency="EUR" name="Medikamente" parentaccount="AStd::Expense" number="" type="13"/>
  <ACCOUNT id="A000019" lastreconciled="" opened="1900-01-01" description="" lastmodified="" institution="" currency="EUR" name="Sonstiges" parentaccount="AStd::Expense" number="" type="13">
   <SUBACCOUNTS>
    <SUBACCOUNT id="A000020"/>
    <SUBACCOUNT id="A000021"/>
   </SUBACCOUNTS>
  </ACCOUNT>
  <ACCOUNT id="A000020" lastreconciled="" opened="1900-01-01" description="" lastmodified="2023-11-03" institution="" currency="EUR" name="Bankgebühren" parentaccount="A000019" number="" type="13"/>
  <ACCOUNT id="A000021" lastreconciled="" opened="1900-01-01" description="" lastmodified="" institution="" currency="EUR" name="Sonstiges" parentaccount="A000019" number="" type="13"/>
  <ACCOUNT id="A000022" lastreconciled="" opened="1900-01-01" description="" lastmodified="" institution="" currency="EUR" name="Spenden" parentaccount="AStd::Expense" number="" type="13"/>
  <ACCOUNT id="A000023" lastreconciled="" opened="1900-01-01" description="" lastmodified="" institution="" currency="EUR" name="Steuern" parentaccount="AStd::Expense" number="" type="13">
   <SUBACCOUNTS>
    <SUBACCOUNT id="A000024"/>
    <SUBACCOUNT id="A000025"/>
    <SUBACCOUNT id="A000026"/>
    <SUBACCOUNT id="A000027"/>
    <SUBACCOUNT id="A000028"/>
    <SUBACCOUNT id="A000029"/>
    <SUBACCOUNT id="A000067"/>
   </SUBACCOUNTS>
  </ACCOUNT>
  <ACCOUNT id="A000024" lastreconciled="" opened="1900-01-01" description="" lastmodified="" institution="" currency="EUR" name="Einkommensteuer" parentaccount="A000023" number="" type="13"/>
  <ACCOUNT id="A000025" lastreconciled="" opened="1900-01-01" description="" lastmodified="" institution="" currency="EUR" name="Pflegeversicherung" parentaccount="A000023" number="" type="13"/>
  <ACCOUNT id="A000026" lastreconciled="" opened="1900-01-01" description="" lastmodified="" institution="" currency="EUR" name="Rentenversicherung" parentaccount="A000023" number="" type="13"/>
  <ACCOUNT id="A000027" lastreconciled="" opened="1900-01-01" description="" lastmodified="" institution="" currency="EUR" name="Solidaritätszuschlag" parentaccount="A000023" number="" type="13"/>
  <ACCOUNT id="A000028" lastreconciled="" opened="1900-01-01" description="" lastmodified="" institution="" currency="EUR" name="Sonstige" parentaccount="A000023" number="" type="13"/>
  <ACCOUNT id="A000029" lastreconciled="" opened="1900-01-01" description="" lastmodified="" institution="" currency="EUR" name="Sozialabgaben" parentaccount="A000023" number="" type="13"/>
  <ACCOUNT id="A000030" lastreconciled="" opened="1900-01-01" description="" lastmodified="" institution="" currency="EUR" name="Telekommunikation" parentaccount="AStd::Expense" number="" type="13">
   <SUBACCOUNTS>
    <SUBACCOUNT id="A000031"/>
    <SUBACCOUNT id="A000032"/>
    <SUBACCOUNT id="A000033"/>
   </SUBACCOUNTS>
  </ACCOUNT>
  <ACCOUNT id="A000031" lastreconciled="" opened="1900-01-01" description="" lastmodified="" institution="" currency="EUR" name="Fernsehen" parentaccount="A000030" number="" type="13"/>
  <ACCOUNT id="A000032" lastreconciled="" opened="1900-01-01" description="" lastmodified="" institution="" currency="EUR" name="Online-Dienste" parentaccount="A000030" number="" type="13"/>
  <ACCOUNT id="A000033" lastreconciled="" opened="1900-01-01" description="" lastmodified="" institution="" currency="EUR" name="Telefon" parentaccount="A000030" number="" type="13"/>
  <ACCOUNT id="A000034" lastreconciled="" opened="1900-01-01" description="" lastmodified="" institution="" currency="EUR" name="Unterhaltung" parentaccount="AStd::Expense" number="" type="13">
   <SUBACCOUNTS>
    <SUBACCOUNT id="A000035"/>
    <SUBACCOUNT id="A000036"/>
    <SUBACCOUNT id="A000037"/>
    <SUBACCOUNT id="A000038"/>
   </SUBACCOUNTS>
  </ACCOUNT>
  <ACCOUNT id="A000035" lastreconciled="" opened="1900-01-01" description="" lastmodified="" institution="" currency="EUR" name="Ausgehen" parentaccount="A000034" number="" type="13"/>
  <ACCOUNT id="A000036" lastreconciled="" opened="1900-01-01" description="" lastmodified="" institution="" currency="EUR" name="Musik/Kino" parentaccount="A000034" number="" type="13"/>
  <ACCOUNT id="A000037" lastreconciled="" opened="1900-01-01" description="" lastmodified="" institution="" currency="EUR" name="Reisen" parentaccount="A000034" number="" type="13"/>
  <ACCOUNT id="A000038" lastreconciled="" opened="1900-01-01" description="" lastmodified="" institution="" currency="EUR" name="Sport" parentaccount="A000034" number="" type="13"/>
  <ACCOUNT id="A000039" lastreconciled="" opened="1900-01-01" description="" lastmodified="" institution="" currency="EUR" name="Versicherungen" parentaccount="AStd::Expense" number="" type="13">
   <SUBACCOUNTS>
    <SUBACCOUNT id="A000040"/>
    <SUBACCOUNT id="A000041"/>
   </SUBACCOUNTS>
  </ACCOUNT>
  <ACCOUNT id="A000040" lastreconciled="" opened="1900-01-01" description="" lastmodified="" institution="" currency="EUR" name="Haftpflicht" parentaccount="A000039" number="" type="13"/>
  <ACCOUNT id="A000041" lastreconciled="" opened="1900-01-01" description="" lastmodified="" institution="" currency="EUR" name="Krankenversicherung" parentaccount="A000039" number="" type="13"/>
  <ACCOUNT id="A000042" lastreconciled="" opened="1900-01-01" description="" lastmodified="" institution="" currency="EUR" name="Wohnen" parentaccount="AStd::Expense" number="" type="13">
   <SUBACCOUNTS>
    <SUBACCOUNT id="A000043"/>
    <SUBACCOUNT id="A000044"/>
   </SUBACCOUNTS>
  </ACCOUNT>
  <ACCOUNT id="A000043" lastreconciled="" opened="1900-01-01" description="" lastmodified="2023-12-09" institution="" currency="EUR" name="Miete" parentaccount="A000042" number="" type="13"/>
  <ACCOUNT id="A000044" lastreconciled="" opened="1900-01-01" description="" lastmodified="" institution="" currency="EUR" name="Nebenkosten" parentaccount="A000042" number="" type="13">
   <SUBACCOUNTS>
    <SUBACCOUNT id="A000045"/>
    <SUBACCOUNT id="A000046"/>
    <SUBACCOUNT id="A000047"/>
    <SUBACCOUNT id="A000048"/>
   </SUBACCOUNTS>
  </ACCOUNT>
  <ACCOUNT id="A000045" lastreconciled="" opened="1900-01-01" description="" lastmodified="" institution="" currency="EUR" name="Abfall" parentaccount="A000044" number="" type="13"/>
  <ACCOUNT id="A000046" lastreconciled="" opened="1900-01-01" description="" lastmodified="" institution="" currency="EUR" name="Gas" parentaccount="A000044" number="" type="13"/>
  <ACCOUNT id="A000047" lastreconciled="" opened="1900-01-01" description="" lastmodified="" institution="" currency="EUR" name="Strom" parentaccount="A000044" number="" type="13"/>
  <ACCOUNT id="A000048" lastreconciled="" opened="1900-01-01" description="" lastmodified="" institution="" currency="EUR" name="Wasser" parentaccount="A000044" number="" type="13"/>
  <ACCOUNT id="A000049" lastreconciled="" opened="1900-01-01" description="" lastmodified="" institution="" currency="EUR" name="Gehalt" parentaccount="AStd::Income" number="" type="12">
   <SUBACCOUNTS>
    <SUBACCOUNT id="A000050"/>
    <SUBACCOUNT id="A000051"/>
   </SUBACCOUNTS>
  </ACCOUNT>
  <ACCOUNT id="A000050" lastreconciled="" opened="1900-01-01" description="" lastmodified="2023-12-09" institution="" currency="EUR" name="Gehalt" parentaccount="A000049" number="" type="12"/>
  <ACCOUNT id="A000051" lastreconciled="" opened="1900-01-01" description="" lastmodified="2023-12-09" institution="" currency="EUR" name="Zulagen" parentaccount="A000049" number="" type="12"/>
  <ACCOUNT id="A000052" lastreconciled="" opened="1900-01-01" description="" lastmodified="" institution="" currency="EUR" name="Geschenke" parentaccount="AStd::Income" number="" type="12"/>
  <ACCOUNT id="A000053" lastreconciled="" opened="1900-01-01" description="" lastmodified="2023-11-03" institution="" currency="EUR" name="Sonstiges" parentaccount="AStd::Income" number="" type="12"/>
  <ACCOUNT id="A000054" lastreconciled="" opened="1900-01-01" description="" lastmodified="" institution="" currency="EUR" name="Zinsen" parentaccount="A000068" number="" type="12">
   <SUBACCOUNTS>
    <SUBACCOUNT id="A000055"/>
    <SUBACCOUNT id="A000056"/>
    <SUBACCOUNT id="A000057"/>
   </SUBACCOUNTS>
  </ACCOUNT>
  <ACCOUNT id="A000055" lastreconciled="" opened="1900-01-01" description="" lastmodified="" institution="" currency="EUR" name="Girokonto" parentaccount="A000054" number="" type="12"/>
  <ACCOUNT id="A000056" lastreconciled="" opened="1900-01-01" description="" lastmodified="" institution="" currency="EUR" name="Sonstige" parentaccount="A000054" number="" type="12"/>
  <ACCOUNT id="A000057" lastreconciled="" opened="1900-01-01" description="" lastmodified="" institution="" currency="EUR" name="Sparkonto" parentaccount="A000054" number="" type="12"/>
  <ACCOUNT id="A000058" lastreconciled="" opened="2023-10-14" description="" lastmodified="" institution="" currency="EUR" name="Barverbindlichkeiten" parentaccount="AStd::Liability" number="" type="10">
   <SUBACCOUNTS>
    <SUBACCOUNT id="A000059"/>
   </SUBACCOUNTS>
  </ACCOUNT>
  <ACCOUNT id="A000059" lastreconciled="" opened="2023-10-14" description="" lastmodified="" institution="" currency="EUR" name="Kreditkarte" parentaccount="A000058" number="" type="4"/>
  <ACCOUNT id="A000061" lastreconciled="" opened="2023-01-01" description="" lastmodified="" institution="" currency="EUR" name="Finanzanlagen" parentaccount="AStd::Asset" number="" type="9">
   <SUBACCOUNTS>
    <SUBACCOUNT id="A000062"/>
   </SUBACCOUNTS>
   <KEYVALUEPAIRS>
    <PAIR value="" key="iban"/>
   </KEYVALUEPAIRS>
  </ACCOUNT>
  <ACCOUNT id="A000062" lastreconciled="" opened="2023-01-01" description="Aktiendepot 1" lastmodified="" institution="I000001" currency="EUR" name="Depot RaiBa" parentaccount="A000061" number="" type="7">
   <SUBACCOUNTS>
    <SUBACCOUNT id="A000063"/>
    <SUBACCOUNT id="A000064"/>
   </SUBACCOUNTS>
   <KEYVALUEPAIRS>
    <PAIR value="DE01 1234 2345 3456 4567 99" key="iban"/>
   </KEYVALUEPAIRS>
  </ACCOUNT>
  <ACCOUNT id="A000063" lastreconciled="" opened="2023-11-03" description="" lastmodified="2023-11-03" institution="" currency="E000001" name="DE0007164600 SAP" parentaccount="A000062" number="" type="15"/>
  <ACCOUNT id="A000064" lastreconciled="" opened="2023-10-27" description="" lastmodified="2023-11-03" institution="" currency="E000002" name="DE0007100000 Mercedes-Benz Group AG" parentaccount="A000062" number="" type="15"/>
  <ACCOUNT id="A000065" lastreconciled="" opened="2023-01-01" description="" lastmodified="2023-12-09" institution="" currency="EUR" name="Kasse Bodo" parentaccount="A000003" number="" type="3">
   <KEYVALUEPAIRS>
    <PAIR value="" key="iban"/>
   </KEYVALUEPAIRS>
  </ACCOUNT>
  <ACCOUNT id="A000066" lastreconciled="" opened="2023-01-01" description="" lastmodified="2023-12-09" institution="" currency="EUR" name="Kasse Ada" parentaccount="A000003" number="" type="3">
   <KEYVALUEPAIRS>
    <PAIR value="" key="iban"/>
   </KEYVALUEPAIRS>
  </ACCOUNT>
  <ACCOUNT id="A000067" lastreconciled="" opened="1900-01-01" description="" lastmodified="" institution="" currency="EUR" name="Kapitalertrag" parentaccount="A000023" number="" type="13"/>
  <ACCOUNT id="A000068" lastreconciled="" opened="1900-01-01" description="" lastmodified="" institution="" currency="EUR" name="Kapitalerträge" parentaccount="AStd::Income" number="" type="12">
   <SUBACCOUNTS>
    <SUBACCOUNT id="A000054"/>
    <SUBACCOUNT id="A000069"/>
   </SUBACCOUNTS>
  </ACCOUNT>
  <ACCOUNT id="A000069" lastreconciled="" opened="1900-01-01" description="" lastmodified="" institution="" currency="EUR" name="Dividende" parentaccount="A000068" number="" type="12">
   <SUBACCOUNTS>
    <SUBACCOUNT id="A000070"/>
    <SUBACCOUNT id="A000071"/>
   </SUBACCOUNTS>
  </ACCOUNT>
  <ACCOUNT id="A000070" lastreconciled="" opened="1900-01-01" description="" lastmodified="" institution="" currency="EUR" name="Inland" parentaccount="A000069" number="" type="12"/>
  <ACCOUNT id="A000071" lastreconciled="" opened="1900-01-01" description="" lastmodified="" institution="" currency="EUR" name="Ausland" parentaccount="A000069" number="" type="12"/>
 </ACCOUNTS>
 <TRANSACTIONS count="18">
  <TRANSACTION id="T000000000000000001" entrydate="2023-11-03" postdate="2023-01-01" commodity="EUR" memo="">
   <SPLITS>
    <SPLIT id="S0001" bankid="" action="" value="10000/1" account="A000004" payee="P000004" reconcileflag="0" price="1/1" reconciledate="" number="" shares="10000/1" memo=""/>
    <SPLIT id="S0002" bankid="" action="" value="-10000/1" account="A000053" payee="P000004" reconcileflag="0" price="1/1" reconciledate="" number="" shares="-10000/1" memo=""/>
   </SPLITS>
  </TRANSACTION>
  <TRANSACTION id="T000000000000000002" entrydate="2023-10-14" postdate="2023-01-03" commodity="EUR" memo="">
   <SPLITS>
    <SPLIT id="S0001" bankid="" action="" value="1000/1" account="A000004" payee="P000006" reconcileflag="0" price="1/1" reconciledate="" number="" shares="1000/1" memo="Unfug und Quatsch GmbH Gehalt"/>
    <SPLIT id="S0002" bankid="" action="" value="-1000/1" account="A000050" payee="P000006" reconcileflag="0" price="1/1" reconciledate="" number="" shares="-1000/1" memo="Unfug und Quatsch GmbH Gehalt"/>
   </SPLITS>
  </TRANSACTION>
  <TRANSACTION id="T000000000000000003" entrydate="2023-12-09" postdate="2023-01-04" commodity="EUR" memo="">
   <SPLITS>
    <SPLIT id="S0001" bankid="" action="" value="-150/1" account="A000004" payee="P000007" reconcileflag="0" price="1/1" reconciledate="" number="" shares="-150/1" memo=""/>
    <SPLIT id="S0002" bankid="" action="" value="150/1" account="A000043" payee="P000007" reconcileflag="0" price="1/1" reconciledate="" number="" shares="150/1" memo=""/>
   </SPLITS>
  </TRANSACTION>
  <TRANSACTION id="T000000000000000004" entrydate="2023-12-09" postdate="2023-02-03" commodity="EUR" memo="">
   <SPLITS>
    <SPLIT id="S0001" bankid="" action="" value="1000/1" account="A000004" payee="P000006" reconcileflag="0" price="1/1" reconciledate="" number="" shares="1000/1" memo=""/>
    <SPLIT id="S0002" bankid="" action="" value="-1000/1" account="A000050" payee="P000006" reconcileflag="0" price="1/1" reconciledate="" number="" shares="-1000/1" memo=""/>
   </SPLITS>
  </TRANSACTION>
  <TRANSACTION id="T000000000000000005" entrydate="2023-12-09" postdate="2023-02-04" commodity="EUR" memo="">
   <SPLITS>
    <SPLIT id="S0001" bankid="" action="" value="-150/1" account="A000004" payee="P000007" reconcileflag="0" price="1/1" reconciledate="" number="" shares="-150/1" memo=""/>
    <SPLIT id="S0002" bankid="" action="" value="150/1" account="A000043" payee="P000007" reconcileflag="0" price="1/1" reconciledate="" number="" shares="150/1" memo=""/>
   </SPLITS>
  </TRANSACTION>
  <TRANSACTION id="T000000000000000006" entrydate="2023-12-09" postdate="2023-03-03" commodity="EUR" memo="">
   <SPLITS>
    <SPLIT id="S0001" bankid="" action="" value="1000/1" account="A000004" payee="P000006" reconcileflag="0" price="1/1" reconciledate="" number="" shares="1000/1" memo=""/>
    <SPLIT id="S0002" bankid="" action="" value="-1000/1" account="A000050" payee="P000006" reconcileflag="0" price="1/1" reconciledate="" number="" shares="-1000/1" memo=""/>
   </SPLITS>
  </TRANSACTION>
  <TRANSACTION id="T000000000000000007" entrydate="2023-12-09" postdate="2023-03-04" commodity="EUR" memo="">
   <SPLITS>
    <SPLIT id="S0001" bankid="" action="" value="-150/1" account="A000004" payee="P000007" reconcileflag="0" price="1/1" reconciledate="" number="" shares="-150/1" memo=""/>
    <SPLIT id="S0002" bankid="" action="" value="150/1" account="A000043" payee="P000007" reconcileflag="0" price="1/1" reconciledate="" number="" shares="150/1" memo=""/>
   </SPLITS>
  </TRANSACTION>
  <TRANSACTION id="T000000000000000008" entrydate="2023-12-09" postdate="2023-04-03" commodity="EUR" memo="">
   <SPLITS>
    <SPLIT id="S0001" bankid="" action="" value="1000/1" account="A000004" payee="P000006" reconcileflag="0" price="1/1" reconciledate="" number="" shares="1000/1" memo=""/>
    <SPLIT id="S0002" bankid="" action="" value="-1000/1" account="A000050" payee="P000006" reconcileflag="0" price="1/1" reconciledate="" number="" shares="-1000/1" memo=""/>
   </SPLITS>
  </TRANSACTION>
  <TRANSACTION id="T000000000000000009" entrydate="2023-12-09" postdate="2023-04-04" commodity="EUR" memo="">
   <SPLITS>
    <SPLIT id="S0001" bankid="" action="" value="-150/1" account="A000004" payee="P000007" reconcileflag="0" price="1/1" reconciledate="" number="" shares="-150/1" memo=""/>
    <SPLIT id="S0002" bankid="" action="" value="150/1" account="A000043" payee="P000007" reconcileflag="0" price="1/1" reconciledate="" number="" shares="150/1" memo=""/>
   </SPLITS>
  </TRANSACTION>
  <TRANSACTION id="T000000000000000010" entrydate="2023-12-09" postdate="2023-05-03" commodity="EUR" memo="">
   <SPLITS>
    <SPLIT id="S0001" bankid="" action="" value="1000/1" account="A000004" payee="P000006" reconcileflag="0" price="1/1" reconciledate="" number="" shares="1000/1" memo=""/>
    <SPLIT id="S0002" bankid="" action="" value="-1000/1" account="A000050" payee="P000006" reconcileflag="0" price="1/1" reconciledate="" number="" shares="-1000/1" memo=""/>
   </SPLITS>
  </TRANSACTION>
  <TRANSACTION id="T000000000000000011" entrydate="2023-12-09" postdate="2023-05-04" commodity="EUR" memo="">
   <SPLITS>
    <SPLIT id="S0001" bankid="" action="" value="-150/1" account="A000004" payee="P000007" reconcileflag="0" price="1/1" reconciledate="" number="" shares="-150/1" memo=""/>
    <SPLIT id="S0002" bankid="" action="" value="150/1" account="A000043" payee="P000007" reconcileflag="0" price="1/1" reconciledate="" number="" shares="150/1" memo=""/>
   </SPLITS>
  </TRANSACTION>
  <TRANSACTION id="T000000000000000012" entrydate="2023-12-09" postdate="2023-06-03" commodity="EUR" memo="">
   <SPLITS>
    <SPLIT id="S0001" bankid="" action="" value="1000/1" account="A000004" payee="P000006" reconcileflag="0" price="1/1" reconciledate="" number="" shares="1000/1" memo=""/>
    <SPLIT id="S0002" bankid="" action="" value="-1000/1" account="A000050" payee="P000006" reconcileflag="0" price="1/1" reconciledate="" number="" shares="-1000/1" memo=""/>
   </SPLITS>
  </TRANSACTION>
  <TRANSACTION id="T000000000000000013" entrydate="2023-12-09" postdate="2023-06-03" commodity="EUR" memo="">
   <SPLITS>
    <SPLIT id="S0001" bankid="" action="" value="500/1" account="A000004" payee="P000006" reconcileflag="0" price="1/1" reconciledate="" number="" shares="500/1" memo="Prämie"/>
    <SPLIT id="S0002" bankid="" action="" value="-500/1" account="A000051" payee="P000006" reconcileflag="0" price="1/1" reconciledate="" number="" shares="-500/1" memo="Prämie"/>
   </SPLITS>
  </TRANSACTION>
  <TRANSACTION id="T000000000000000014" entrydate="2023-12-09" postdate="2023-06-04" commodity="EUR" memo="">
   <SPLITS>
    <SPLIT id="S0001" bankid="" action="" value="-150/1" account="A000004" payee="P000007" reconcileflag="0" price="1/1" reconciledate="" number="" shares="-150/1" memo=""/>
    <SPLIT id="S0002" bankid="" action="" value="150/1" account="A000043" payee="P000007" reconcileflag="0" price="1/1" reconciledate="" number="" shares="150/1" memo=""/>
   </SPLITS>
  </TRANSACTION>
  <TRANSACTION id="T000000000000000015" entrydate="2023-10-14" postdate="2023-10-14" commodity="EUR" memo="">
   <SPLITS>
    <SPLIT id="S0001" bankid="" action="" value="-150/1" account="A000004" payee="P000003" reconcileflag="0" price="1/1" reconciledate="" number="" shares="-150/1" memo="Bargeldauszahlung"/>
    <SPLIT id="S0002" bankid="" action="" value="150/1" account="A000065" payee="P000003" reconcileflag="0" price="1/1" reconciledate="" number="" shares="150/1" memo="Bargeldauszahlung"/>
   </SPLITS>
  </TRANSACTION>
  <TRANSACTION id="T000000000000000016" entrydate="2023-12-09" postdate="2023-10-14" commodity="EUR" memo="">
   <SPLITS>
    <SPLIT id="S0001" bankid="" action="" value="-95/1" account="A000065" payee="P000008" reconcileflag="0" price="1/1" reconciledate="" number="" shares="-95/1" memo=""/>
    <SPLIT id="S0002" bankid="" action="" value="95/1" account="A000066" payee="P000008" reconcileflag="0" price="1/1" reconciledate="" number="" shares="95/1" memo=""/>
   </SPLITS>
  </TRANSACTION>
  <TRANSACTION id="T000000000000000017" entrydate="2023-11-03" postdate="2023-10-27" commodity="EUR" memo="">
   <SPLITS>
    <SPLIT id="S0001" bankid="" action="" value="-3931/2" account="A000004" payee="" reconcileflag="0" price="1/1" reconciledate="" number="" shares="-3931/2" memo=""/>
    <SPLIT id="S0002" bankid="" action="" value="21/2" account="A000020" payee="" reconcileflag="0" price="1/1" reconciledate="" number="" shares="21/2" memo=""/>
    <SPLIT id="S0003" bankid="" action="Buy" value="1955/1" account="A000064" payee="" reconcileflag="0" price="115/1" reconciledate="" number="" shares="17/1" memo=""/>
   </SPLITS>
  </TRANSACTION>
  <TRANSACTION id="T000000000000000018" entrydate="2023-11-03" postdate="2023-11-03" commodity="EUR" memo="">
   <SPLITS>
    <SPLIT id="S0001" bankid="" action="" value="-1810/1" account="A000004" payee="" reconcileflag="0" price="1/1" reconciledate="" number="" shares="-1810/1" memo=""/>
    <SPLIT id="S0002" bankid="" action="" value="10/1" account="A000020" payee="" reconcileflag="0" price="1/1" reconciledate="" number="" shares="10/1" memo=""/>
    <SPLIT id="S0003" bankid="" action="Buy" value="1800/1" account="A000063" payee="" reconcileflag="0" price="120/1" reconciledate="" number="" shares="15/1" memo=""/>
   </SPLITS>
  </TRANSACTION>
 </TRANSACTIONS>
 <KEYVALUEPAIRS>
  <PAIR value="EUR" key="kmm-baseCurrency"/>
  <PAIR value="{1f7ec5d2-f982-48eb-9ae3-22095e2362ee}" key="kmm-id"/>
 </KEYVALUEPAIRS>
 <SCHEDULES count="0"/>
 <SECURITIES count="2">
  <SECURITY id="E000001" rounding-method="7" trading-currency="EUR" pp="2" trading-market="XETRA" name="SAP AG" symbol="SAP" saf="100" type="0">
   <KEYVALUEPAIRS>
    <PAIR value="Finanztreff" key="kmm-online-source"/>
    <PAIR value="DE0007164600" key="kmm-security-id"/>
   </KEYVALUEPAIRS>
  </SECURITY>
  <SECURITY id="E000002" rounding-method="7" trading-currency="EUR" pp="2" trading-market="XETRA" name="Mercedes-Benz Group AG" symbol="MBG" saf="100" type="0">
   <KEYVALUEPAIRS>
    <PAIR value="DE0007100000" key="kmm-security-id"/>
   </KEYVALUEPAIRS>
  </SECURITY>
 </SECURITIES>
 <CURRENCIES count="2">
  <CURRENCY id="EUR" scf="100" rounding-method="7" pp="4" name="Euro" symbol="€" saf="100" type="3"/>
  <CURRENCY id="USD" scf="100" rounding-method="7" pp="4" name="US Dollar" symbol="$" saf="100" type="3"/>
 </CURRENCIES>
 <PRICES count="3">
  <PRICEPAIR from="E000001" to="EUR">
   <PRICE source="Transaction" price="120/1" date="2023-11-03"/>
   <PRICE source="User" price="239/2" date="2023-11-07"/>
  </PRICEPAIR>
  <PRICEPAIR from="E000002" to="EUR">
   <PRICE source="Transaction" price="115/1" date="2023-10-27"/>
   <PRICE source="User" price="233/2" date="2023-11-01"/>
  </PRICEPAIR>
  <PRICEPAIR from="USD" to="EUR">
   <PRICE source="User" price="23/25" date="2023-12-04"/>
  </PRICEPAIR>
 </PRICES>
 <REPORTS count="0"/>
 <BUDGETS count="0"/>
 <ONLINEJOBS count="0"/>
</KMYMONEY-FILE>
