<?xml version="1.0" encoding="utf-8"?>
<!DOCTYPE KMYMONEY-FILE>
<KMYMONEY-FILE>
 <FILEINFO>
  <CREATION_DATE date="2023-10-14"/>
  <LAST_MODIFIED_DATE date="2023-12-09"/>
  <VERSION id="1"/>
  <FIXVERSION id="5"/>
 </FILEINFO>
 <USER name="John Doe" email="">
  <ADDRESS city="" street="" county="" zipcode="" telephone=""/>
 </USER>
 <INSTITUTIONS count="1">
  <INSTITUTION name="RaiBa" id="I000001" manager="" sortcode="">
   <ADDRESS city="" street="" zip="" telephone=""/>
   <ACCOUNTIDS>
    <ACCOUNTID id="A000004"/>
    <ACCOUNTID id="A000005"/>
    <ACCOUNTID id="A000062"/>
   </ACCOUNTIDS>
   <KEYVALUEPAIRS>
    <PAIR value="" key="bic"/>
    <PAIR value="" key="url"/>
   </KEYVALUEPAIRS>
  </INSTITUTION>
 </INSTITUTIONS>
 <PAYEES count="8">
  <PAYEE name="Eingang" id="P000001" matchingenabled="0" reference="" email="">
   <ADDRESS city="" street="" state="" postcode="" telephone=""/>
  </PAYEE>
  <PAYEE name="Gehalt" id="P000002" matchingenabled="0" reference="" email="">
   <ADDRESS city="" street="" state="" postcode="" telephone=""/>
  </PAYEE>
  <PAYEE name="Geldautomat" id="P000003" matchingenabled="0" reference="" email="">
   <ADDRESS city="" street="" state="" postcode="" telephone=""/>
  </PAYEE>
  <PAYEE name="Eröffnungssaldo" id="P000004" matchingenabled="0" reference="" email="">
   <ADDRESS city="" street="" state="" postcode="" telephone=""/>
  </PAYEE>
  <PAYEE name="Fürchtegott Schnorzelmöller" notes="Pezi-Bär von der Urania kennt ihn gut" id="P000005" matchingenabled="0" reference="" email="fuerchtegott.schnorzelmoeller@prater.at">
   <ADDRESS city="Wien" street="Krailbacher Gasse 123 a&#xa;Postfach ABC&#xa;Kennwort Kasperlpost" state="Österreich" postcode="1136" telephone="+43 - 12 - 277278279"/>
  </PAYEE>
  <PAYEE name="Unfug &amp; Quatsch" id="P000006" matchingenabled="0" reference="" email="">
   <ADDRESS city="" street="" state="" postcode="" telephone=""/>
  </PAYEE>
  <PAYEE name="Vermietomat GmbH" id="P000007" matchingenabled="0" reference="" email="">
   <ADDRESS city="" street="" state="" postcode="" telephone=""/>
  </PAYEE>
  <PAYEE name="Haushaltsgeld" id="P000008" matchingenabled="0" reference="" email="">
   <ADDRESS city="" street="" state="" postcode="" telephone=""/>
  </PAYEE>
 </PAYEES>
 <COSTCENTERS count="0"/>
 <TAGS count="0"/>
 <ACCOUNTS count="69">
  <ACCOUNT number="" name="Asset" lastreconciled="" id="AStd::Asset" opened="" type="9" description="" currency="EUR" parentaccount="" institution="" lastmodified="">
   <SUBACCOUNTS>
    <SUBACCOUNT id="A000002"/>
    <SUBACCOUNT id="A000061"/>
   </SUBACCOUNTS>
  </ACCOUNT>
  <ACCOUNT number="" name="Liability" lastreconciled="" id="AStd::Liability" opened="" type="10" description="" currency="EUR" parentaccount="" institution="" lastmodified="">
   <SUBACCOUNTS>
    <SUBACCOUNT id="A000058"/>
   </SUBACCOUNTS>
  </ACCOUNT>
  <ACCOUNT number="" name="Expense" lastreconciled="" id="AStd::Expense" opened="" type="13" description="" currency="EUR" parentaccount="" institution="" lastmodified="">
   <SUBACCOUNTS>
    <SUBACCOUNT id="A000006"/>
    <SUBACCOUNT id="A000011"/>
    <SUBACCOUNT id="A000012"/>
    <SUBACCOUNT id="A000014"/>
    <SUBACCOUNT id="A000015"/>
    <SUBACCOUNT id="A000016"/>
    <SUBACCOUNT id="A000017"/>
    <SUBACCOUNT id="A000018"/>
    <SUBACCOUNT id="A000019"/>
    <SUBACCOUNT id="A000022"/>
    <SUBACCOUNT id="A000023"/>
    <SUBACCOUNT id="A000030"/>
    <SUBACCOUNT id="A000034"/>
    <SUBACCOUNT id="A000039"/>
    <SUBACCOUNT id="A000042"/>
   </SUBACCOUNTS>
  </ACCOUNT>
  <ACCOUNT number="" name="Income" lastreconciled="" id="AStd::Income" opened="" type="12" description="" currency="EUR" parentaccount="" institution="" lastmodified="">
   <SUBACCOUNTS>
    <SUBACCOUNT id="A000049"/>
    <SUBACCOUNT id="A000052"/>
    <SUBACCOUNT id="A000053"/>
    <SUBACCOUNT id="A000054"/>
   </SUBACCOUNTS>
  </ACCOUNT>
  <ACCOUNT number="" name="Equity" lastreconciled="" id="AStd::Equity" opened="" type="16" description="" currency="EUR" parentaccount="" institution="" lastmodified=""/>
  <ACCOUNT number="" name="Barvermögen" lastreconciled="" id="A000002" opened="2023-10-14" type="9" description="" currency="EUR" parentaccount="AStd::Asset" institution="" lastmodified="">
   <SUBACCOUNTS>
    <SUBACCOUNT id="A000003"/>
    <SUBACCOUNT id="A000004"/>
    <SUBACCOUNT id="A000005"/>
   </SUBACCOUNTS>
  </ACCOUNT>
  <ACCOUNT number="" name="Bargeld" lastreconciled="" id="A000003" opened="2023-10-14" type="3" description="" currency="EUR" parentaccount="A000002" institution="" lastmodified="2023-12-09">
   <SUBACCOUNTS>
    <SUBACCOUNT id="A000065"/>
    <SUBACCOUNT id="A000066"/>
   </SUBACCOUNTS>
  </ACCOUNT>
  <ACCOUNT number="" name="Giro RaiBa" lastreconciled="" id="A000004" opened="2023-01-01" type="1" description="Girokonto 1" currency="EUR" parentaccount="A000002" institution="I000001" lastmodified="2023-12-09">
   <KEYVALUEPAIRS>
    <PAIR value="1" key="lastNumberUsed"/>
   </KEYVALUEPAIRS>
  </ACCOUNT>
  <ACCOUNT number="" name="Spar RaiBa" lastreconciled="" id="A000005" opened="2023-10-14" type="1" description="" currency="EUR" parentaccount="A000002" institution="I000001" lastmodified=""/>
  <ACCOUNT number="" name="Bildung" lastreconciled="" id="A000006" opened="1900-01-01" type="13" description="" currency="EUR" parentaccount="AStd::Expense" institution="" lastmodified="">
   <SUBACCOUNTS>
    <SUBACCOUNT id="A000007"/>
    <SUBACCOUNT id="A000008"/>
    <SUBACCOUNT id="A000009"/>
    <SUBACCOUNT id="A000010"/>
   </SUBACCOUNTS>
  </ACCOUNT>
  <ACCOUNT number="" name="Abonnements" lastreconciled="" id="A000007" opened="1900-01-01" type="13" description="" currency="EUR" parentaccount="A000006" institution="" lastmodified=""/>
  <ACCOUNT number="" name="Bücher" lastreconciled="" id="A000008" opened="1900-01-01" type="13" description="" currency="EUR" parentaccount="A000006" institution="" lastmodified=""/>
  <ACCOUNT number="" name="Büroartikel" lastreconciled="" id="A000009" opened="1900-01-01" type="13" description="" currency="EUR" parentaccount="A000006" institution="" lastmodified=""/>
  <ACCOUNT number="" name="Zeitungen" lastreconciled="" id="A000010" opened="1900-01-01" type="13" description="" currency="EUR" parentaccount="A000006" institution="" lastmodified=""/>
  <ACCOUNT number="" name="Computer" lastreconciled="" id="A000011" opened="1900-01-01" type="13" description="" currency="EUR" parentaccount="AStd::Expense" institution="" lastmodified=""/>
  <ACCOUNT number="" name="Fahrtkosten" lastreconciled="" id="A000012" opened="1900-01-01" type="13" description="" currency="EUR" parentaccount="AStd::Expense" institution="" lastmodified="">
   <SUBACCOUNTS>
    <SUBACCOUNT id="A000013"/>
   </SUBACCOUNTS>
  </ACCOUNT>
  <ACCOUNT number="" name="Fahrkarten" lastreconciled="" id="A000013" opened="1900-01-01" type="13" description="" currency="EUR" parentaccount="A000012" institution="" lastmodified=""/>
  <ACCOUNT number="" name="Geschenke" lastreconciled="" id="A000014" opened="1900-01-01" type="13" description="" currency="EUR" parentaccount="AStd::Expense" institution="" lastmodified=""/>
  <ACCOUNT number="" name="Hobbies" lastreconciled="" id="A000015" opened="1900-01-01" type="13" description="" currency="EUR" parentaccount="AStd::Expense" institution="" lastmodified=""/>
  <ACCOUNT number="" name="Kleidung" lastreconciled="" id="A000016" opened="1900-01-01" type="13" description="" currency="EUR" parentaccount="AStd::Expense" institution="" lastmodified=""/>
  <ACCOUNT number="" name="Lebensmittel" lastreconciled="" id="A000017" opened="1900-01-01" type="13" description="" currency="EUR" parentaccount="AStd::Expense" institution="" lastmodified=""/>
  <ACCOUNT number="" name="Medikamente" lastreconciled="" id="A000018" opened="1900-01-01" type="13" description="" currency="EUR" parentaccount="AStd::Expense" institution="" lastmodified=""/>
  <ACCOUNT number="" name="Sonstiges" lastreconciled="" id="A000019" opened="1900-01-01" type="13" description="" currency="EUR" parentaccount="AStd::Expense" institution="" lastmodified="">
   <SUBACCOUNTS>
    <SUBACCOUNT id="A000020"/>
    <SUBACCOUNT id="A000021"/>
   </SUBACCOUNTS>
  </ACCOUNT>
  <ACCOUNT number="" name="Bankgebühren" lastreconciled="" id="A000020" opened="1900-01-01" type="13" description="" currency="EUR" parentaccount="A000019" institution="" lastmodified="2023-11-03"/>
  <ACCOUNT number="" name="Sonstiges" lastreconciled="" id="A000021" opened="1900-01-01" type="13" description="" currency="EUR" parentaccount="A000019" institution="" lastmodified=""/>
  <ACCOUNT number="" name="Spenden" lastreconciled="" id="A000022" opened="1900-01-01" type="13" description="" currency="EUR" parentaccount="AStd::Expense" institution="" lastmodified=""/>
  <ACCOUNT number="" name="Steuern" lastreconciled="" id="A000023" opened="1900-01-01" type="13" description="" currency="EUR" parentaccount="AStd::Expense" institution="" lastmodified="">
   <SUBACCOUNTS>
    <SUBACCOUNT id="A000024"/>
    <SUBACCOUNT id="A000025"/>
    <SUBACCOUNT id="A000026"/>
    <SUBACCOUNT id="A000027"/>
    <SUBACCOUNT id="A000028"/>
    <SUBACCOUNT id="A000029"/>
   </SUBACCOUNTS>
  </ACCOUNT>
  <ACCOUNT number="" name="Einkommensteuer" lastreconciled="" id="A000024" opened="1900-01-01" type="13" description="" currency="EUR" parentaccount="A000023" institution="" lastmodified=""/>
  <ACCOUNT number="" name="Pflegeversicherung" lastreconciled="" id="A000025" opened="1900-01-01" type="13" description="" currency="EUR" parentaccount="A000023" institution="" lastmodified=""/>
  <ACCOUNT number="" name="Rentenversicherung" lastreconciled="" id="A000026" opened="1900-01-01" type="13" description="" currency="EUR" parentaccount="A000023" institution="" lastmodified=""/>
  <ACCOUNT number="" name="Solidaritätszuschlag" lastreconciled="" id="A000027" opened="1900-01-01" type="13" description="" currency="EUR" parentaccount="A000023" institution="" lastmodified=""/>
  <ACCOUNT number="" name="Sonstige" lastreconciled="" id="A000028" opened="1900-01-01" type="13" description="" currency="EUR" parentaccount="A000023" institution="" lastmodified=""/>
  <ACCOUNT number="" name="Sozialabgaben" lastreconciled="" id="A000029" opened="1900-01-01" type="13" description="" currency="EUR" parentaccount="A000023" institution="" lastmodified=""/>
  <ACCOUNT number="" name="Telekommunikation" lastreconciled="" id="A000030" opened="1900-01-01" type="13" description="" currency="EUR" parentaccount="AStd::Expense" institution="" lastmodified="">
   <SUBACCOUNTS>
    <SUBACCOUNT id="A000031"/>
    <SUBACCOUNT id="A000032"/>
    <SUBACCOUNT id="A000033"/>
   </SUBACCOUNTS>
  </ACCOUNT>
  <ACCOUNT number="" name="Fernsehen" lastreconciled="" id="A000031" opened="1900-01-01" type="13" description="" currency="EUR" parentaccount="A000030" institution="" lastmodified=""/>
  <ACCOUNT number="" name="Online-Dienste" lastreconciled="" id="A000032" opened="1900-01-01" type="13" description="" currency="EUR" parentaccount="A000030" institution="" lastmodified=""/>
  <ACCOUNT number="" name="Telefon" lastreconciled="" id="A000033" opened="1900-01-01" type="13" description="" currency="EUR" parentaccount="A000030" institution="" lastmodified=""/>
  <ACCOUNT number="" name="Unterhaltung" lastreconciled="" id="A000034" opened="1900-01-01" type="13" description="" currency="EUR" parentaccount="AStd::Expense" institution="" lastmodified="">
   <SUBACCOUNTS>
    <SUBACCOUNT id="A000035"/>
    <SUBACCOUNT id="A000036"/>
    <SUBACCOUNT id="A000037"/>
    <SUBACCOUNT id="A000038"/>
   </SUBACCOUNTS>
  </ACCOUNT>
  <ACCOUNT number="" name="Ausgehen" lastreconciled="" id="A000035" opened="1900-01-01" type="13" description="" currency="EUR" parentaccount="A000034" institution="" lastmodified=""/>
  <ACCOUNT number="" name="Musik/Kino" lastreconciled="" id="A000036" opened="1900-01-01" type="13" description="" currency="EUR" parentaccount="A000034" institution="" lastmodified=""/>
  <ACCOUNT number="" name="Reisen" lastreconciled="" id="A000037" opened="1900-01-01" type="13" description="" currency="EUR" parentaccount="A000034" institution="" lastmodified=""/>
  <ACCOUNT number="" name="Sport" lastreconciled="" id="A000038" opened="1900-01-01" type="13" description="" currency="EUR" parentaccount="A000034" institution="" lastmodified=""/>
  <ACCOUNT number="" name="Versicherungen" lastreconciled="" id="A000039" opened="1900-01-01" type="13" description="" currency="EUR" parentaccount="AStd::Expense" institution="" lastmodified="">
   <SUBACCOUNTS>
    <SUBACCOUNT id="A000040"/>
    <SUBACCOUNT id="A000041"/>
   </SUBACCOUNTS>
  </ACCOUNT>
  <ACCOUNT number="" name="Haftpflicht" lastreconciled="" id="A000040" opened="1900-01-01" type="13" description="" currency="EUR" parentaccount="A000039" institution="" lastmodified=""/>
  <ACCOUNT number="" name="Krankenversicherung" lastreconciled="" id="A000041" opened="1900-01-01" type="13" description="" currency="EUR" parentaccount="A000039" institution="" lastmodified=""/>
  <ACCOUNT number="" name="Wohnen" lastreconciled="" id="A000042" opened="1900-01-01" type="13" description="" currency="EUR" parentaccount="AStd::Expense" institution="" lastmodified="">
   <SUBACCOUNTS>
    <SUBACCOUNT id="A000043"/>
    <SUBACCOUNT id="A000044"/>
   </SUBACCOUNTS>
  </ACCOUNT>
  <ACCOUNT number="" name="Miete" lastreconciled="" id="A000043" opened="1900-01-01" type="13" description="" currency="EUR" parentaccount="A000042" institution="" lastmodified="2023-12-09"/>
  <ACCOUNT number="" name="Nebenkosten" lastreconciled="" id="A000044" opened="1900-01-01" type="13" description="" currency="EUR" parentaccount="A000042" institution="" lastmodified="">
   <SUBACCOUNTS>
    <SUBACCOUNT id="A000045"/>
    <SUBACCOUNT id="A000046"/>
    <SUBACCOUNT id="A000047"/>
    <SUBACCOUNT id="A000048"/>
   </SUBACCOUNTS>
  </ACCOUNT>
  <ACCOUNT number="" name="Abfall" lastreconciled="" id="A000045" opened="1900-01-01" type="13" description="" currency="EUR" parentaccount="A000044" institution="" lastmodified=""/>
  <ACCOUNT number="" name="Gas" lastreconciled="" id="A000046" opened="1900-01-01" type="13" description="" currency="EUR" parentaccount="A000044" institution="" lastmodified=""/>
  <ACCOUNT number="" name="Strom" lastreconciled="" id="A000047" opened="1900-01-01" type="13" description="" currency="EUR" parentaccount="A000044" institution="" lastmodified=""/>
  <ACCOUNT number="" name="Wasser" lastreconciled="" id="A000048" opened="1900-01-01" type="13" description="" currency="EUR" parentaccount="A000044" institution="" lastmodified=""/>
  <ACCOUNT number="" name="Gehalt" lastreconciled="" id="A000049" opened="1900-01-01" type="12" description="" currency="EUR" parentaccount="AStd::Income" institution="" lastmodified="">
   <SUBACCOUNTS>
    <SUBACCOUNT id="A000050"/>
    <SUBACCOUNT id="A000051"/>
   </SUBACCOUNTS>
  </ACCOUNT>
  <ACCOUNT number="" name="Gehalt" lastreconciled="" id="A000050" opened="1900-01-01" type="12" description="" currency="EUR" parentaccount="A000049" institution="" lastmodified="2023-12-09"/>
  <ACCOUNT number="" name="Zulagen" lastreconciled="" id="A000051" opened="1900-01-01" type="12" description="" currency="EUR" parentaccount="A000049" institution="" lastmodified="2023-12-09"/>
  <ACCOUNT number="" name="Geschenke" lastreconciled="" id="A000052" opened="1900-01-01" type="12" description="" currency="EUR" parentaccount="AStd::Income" institution="" lastmodified=""/>
  <ACCOUNT number="" name="Sonstiges" lastreconciled="" id="A000053" opened="1900-01-01" type="12" description="" currency="EUR" parentaccount="AStd::Income" institution="" lastmodified="2023-11-03"/>
  <ACCOUNT number="" name="Zinsen" lastreconciled="" id="A000054" opened="1900-01-01" type="12" description="" currency="EUR" parentaccount="AStd::Income" institution="" lastmodified="">
   <SUBACCOUNTS>
    <SUBACCOUNT id="A000055"/>
    <SUBACCOUNT id="A000056"/>
    <SUBACCOUNT id="A000057"/>
   </SUBACCOUNTS>
  </ACCOUNT>
  <ACCOUNT number="" name="Girokonto" lastreconciled="" id="A000055" opened="1900-01-01" type="12" description="" currency="EUR" parentaccount="A000054" institution="" lastmodified=""/>
  <ACCOUNT number="" name="Sonstige" lastreconciled="" id="A000056" opened="1900-01-01" type="12" description="" currency="EUR" parentaccount="A000054" institution="" lastmodified=""/>
  <ACCOUNT number="" name="Sparkonto" lastreconciled="" id="A000057" opened="1900-01-01" type="12" description="" currency="EUR" parentaccount="A000054" institution="" lastmodified=""/>
  <ACCOUNT number="" name="Barverbindlichkeiten" lastreconciled="" id="A000058" opened="2023-10-14" type="10" description="" currency="EUR" parentaccount="AStd::Liability" institution="" lastmodified="">
   <SUBACCOUNTS>
    <SUBACCOUNT id="A000059"/>
   </SUBACCOUNTS>
  </ACCOUNT>
  <ACCOUNT number="" name="Kreditkarte" lastreconciled="" id="A000059" opened="2023-10-14" type="4" description="" currency="EUR" parentaccount="A000058" institution="" lastmodified=""/>
  <ACCOUNT number="" name="Finanzanlagen" lastreconciled="" id="A000061" opened="2023-01-01" type="9" description="" currency="EUR" parentaccount="AStd::Asset" institution="" lastmodified="">
   <SUBACCOUNTS>
    <SUBACCOUNT id="A000062"/>
   </SUBACCOUNTS>
   <KEYVALUEPAIRS>
    <PAIR value="" key="iban"/>
   </KEYVALUEPAIRS>
  </ACCOUNT>
  <ACCOUNT number="" name="Depot RaiBa" lastreconciled="" id="A000062" opened="2023-01-01" type="7" description="Aktiendepot 1" currency="EUR" parentaccount="A000061" institution="I000001" lastmodified="">
   <SUBACCOUNTS>
    <SUBACCOUNT id="A000063"/>
    <SUBACCOUNT id="A000064"/>
   </SUBACCOUNTS>
  </ACCOUNT>
  <ACCOUNT number="" name="DE0007164600 SAP" lastreconciled="" id="A000063" opened="2023-11-03" type="15" description="" currency="E000001" parentaccount="A000062" institution="" lastmodified="2023-11-03"/>
  <ACCOUNT number="" name="DE0007100000 Mercedes-Benz Group AG" lastreconciled="" id="A000064" opened="2023-10-27" type="15" description="" currency="E000002" parentaccount="A000062" institution="" lastmodified="2023-11-03"/>
  <ACCOUNT number="" name="Kasse Bodo" lastreconciled="" id="A000065" opened="2023-01-01" type="3" description="" currency="EUR" parentaccount="A000003" institution="" lastmodified="2023-12-09">
   <KEYVALUEPAIRS>
    <PAIR value="" key="iban"/>
   </KEYVALUEPAIRS>
  </ACCOUNT>
  <ACCOUNT number="" name="Kasse Ada" lastreconciled="" id="A000066" opened="2023-01-01" type="3" description="" currency="EUR" parentaccount="A000003" institution="" lastmodified="2023-12-09">
   <KEYVALUEPAIRS>
    <PAIR value="" key="iban"/>
   </KEYVALUEPAIRS>
  </ACCOUNT>
 </ACCOUNTS>
 <TRANSACTIONS count="18">
  <TRANSACTION id="T000000000000000001" entrydate="2023-11-03" commodity="EUR" postdate="2023-01-01" memo="">
   <SPLITS>
    <SPLIT number="" reconcileflag="0" payee="P000004" action="" value="10000/1" reconciledate="" price="1/1" id="S0001" memo="" account="A000004" bankid="" shares="10000/1"/>
    <SPLIT number="" reconcileflag="0" payee="P000004" action="" value="-10000/1" reconciledate="" price="1/1" id="S0002" memo="" account="A000053" bankid="" shares="-10000/1"/>
   </SPLITS>
  </TRANSACTION>
  <TRANSACTION id="T000000000000000002" entrydate="2023-10-14" commodity="EUR" postdate="2023-01-03" memo="">
   <SPLITS>
    <SPLIT number="" reconcileflag="0" payee="P000006" action="" value="1000/1" reconciledate="" price="1/1" id="S0001" memo="Unfug und Quatsch GmbH Gehalt" account="A000004" bankid="" shares="1000/1"/>
    <SPLIT number="" reconcileflag="0" payee="P000006" action="" value="-1000/1" reconciledate="" price="1/1" id="S0002" memo="Unfug und Quatsch GmbH Gehalt" account="A000050" bankid="" shares="-1000/1"/>
   </SPLITS>
  </TRANSACTION>
  <TRANSACTION id="T000000000000000011" entrydate="2023-12-09" commodity="EUR" postdate="2023-01-04" memo="">
   <SPLITS>
    <SPLIT number="" reconcileflag="0" payee="P000007" action="" value="-150/1" reconciledate="" price="1/1" id="S0001" memo="" account="A000004" bankid="" shares="-150/1"/>
    <SPLIT number="" reconcileflag="0" payee="P000007" action="" value="150/1" reconciledate="" price="1/1" id="S0002" memo="" account="A000043" bankid="" shares="150/1"/>
   </SPLITS>
  </TRANSACTION>
  <TRANSACTION id="T000000000000000006" entrydate="2023-12-09" commodity="EUR" postdate="2023-02-03" memo="">
   <SPLITS>
    <SPLIT number="" reconcileflag="0" payee="P000006" action="" value="1000/1" reconciledate="" price="1/1" id="S0001" memo="" account="A000004" bankid="" shares="1000/1"/>
    <SPLIT number="" reconcileflag="0" payee="P000006" action="" value="-1000/1" reconciledate="" price="1/1" id="S0002" memo="" account="A000050" bankid="" shares="-1000/1"/>
   </SPLITS>
  </TRANSACTION>
  <TRANSACTION id="T000000000000000015" entrydate="2023-12-09" commodity="EUR" postdate="2023-02-04" memo="">
   <SPLITS>
    <SPLIT number="" reconcileflag="0" payee="P000007" action="" value="-150/1" reconciledate="" price="1/1" id="S0001" memo="" account="A000004" bankid="" shares="-150/1"/>
    <SPLIT number="" reconcileflag="0" payee="P000007" action="" value="150/1" reconciledate="" price="1/1" id="S0002" memo="" account="A000043" bankid="" shares="150/1"/>
   </SPLITS>
  </TRANSACTION>
  <TRANSACTION id="T000000000000000007" entrydate="2023-12-09" commodity="EUR" postdate="2023-03-03" memo="">
   <SPLITS>
    <SPLIT number="" reconcileflag="0" payee="P000006" action="" value="1000/1" reconciledate="" price="1/1" id="S0001" memo="" account="A000004" bankid="" shares="1000/1"/>
    <SPLIT number="" reconcileflag="0" payee="P000006" action="" value="-1000/1" reconciledate="" price="1/1" id="S0002" memo="" account="A000050" bankid="" shares="-1000/1"/>
   </SPLITS>
  </TRANSACTION>
  <TRANSACTION id="T000000000000000014" entrydate="2023-12-09" commodity="EUR" postdate="2023-03-04" memo="">
   <SPLITS>
    <SPLIT number="" reconcileflag="0" payee="P000007" action="" value="-150/1" reconciledate="" price="1/1" id="S0001" memo="" account="A000004" bankid="" shares="-150/1"/>
    <SPLIT number="" reconcileflag="0" payee="P000007" action="" value="150/1" reconciledate="" price="1/1" id="S0002" memo="" account="A000043" bankid="" shares="150/1"/>
   </SPLITS>
  </TRANSACTION>
  <TRANSACTION id="T000000000000000008" entrydate="2023-12-09" commodity="EUR" postdate="2023-04-03" memo="">
   <SPLITS>
    <SPLIT number="" reconcileflag="0" payee="P000006" action="" value="1000/1" reconciledate="" price="1/1" id="S0001" memo="" account="A000004" bankid="" shares="1000/1"/>
    <SPLIT number="" reconcileflag="0" payee="P000006" action="" value="-1000/1" reconciledate="" price="1/1" id="S0002" memo="" account="A000050" bankid="" shares="-1000/1"/>
   </SPLITS>
  </TRANSACTION>
  <TRANSACTION id="T000000000000000013" entrydate="2023-12-09" commodity="EUR" postdate="2023-04-04" memo="">
   <SPLITS>
    <SPLIT number="" reconcileflag="0" payee="P000007" action="" value="-150/1" reconciledate="" price="1/1" id="S0001" memo="" account="A000004" bankid="" shares="-150/1"/>
    <SPLIT number="" reconcileflag="0" payee="P000007" action="" value="150/1" reconciledate="" price="1/1" id="S0002" memo="" account="A000043" bankid="" shares="150/1"/>
   </SPLITS>
  </TRANSACTION>
  <TRANSACTION id="T000000000000000019" entrydate="2023-12-09" commodity="EUR" postdate="2023-05-03" memo="">
   <SPLITS>
    <SPLIT number="" reconcileflag="0" payee="P000006" action="" value="1000/1" reconciledate="" price="1/1" id="S0001" memo="" account="A000004" bankid="" shares="1000/1"/>
    <SPLIT number="" reconcileflag="0" payee="P000006" action="" value="-1000/1" reconciledate="" price="1/1" id="S0002" memo="" account="A000050" bankid="" shares="-1000/1"/>
   </SPLITS>
  </TRANSACTION>
  <TRANSACTION id="T000000000000000012" entrydate="2023-12-09" commodity="EUR" postdate="2023-05-04" memo="">
   <SPLITS>
    <SPLIT number="" reconcileflag="0" payee="P000007" action="" value="-150/1" reconciledate="" price="1/1" id="S0001" memo="" account="A000004" bankid="" shares="-150/1"/>
    <SPLIT number="" reconcileflag="0" payee="P000007" action="" value="150/1" reconciledate="" price="1/1" id="S0002" memo="" account="A000043" bankid="" shares="150/1"/>
   </SPLITS>
  </TRANSACTION>
  <TRANSACTION id="T000000000000000009" entrydate="2023-12-09" commodity="EUR" postdate="2023-06-03" memo="">
   <SPLITS>
    <SPLIT number="" reconcileflag="0" payee="P000006" action="" value="1000/1" reconciledate="" price="1/1" id="S0001" memo="" account="A000004" bankid="" shares="1000/1"/>
    <SPLIT number="" reconcileflag="0" payee="P000006" action="" value="-1000/1" reconciledate="" price="1/1" id="S0002" memo="" account="A000050" bankid="" shares="-1000/1"/>
   </SPLITS>
  </TRANSACTION>
  <TRANSACTION id="T000000000000000010" entrydate="2023-12-09" commodity="EUR" postdate="2023-06-03" memo="">
   <SPLITS>
    <SPLIT number="" reconcileflag="0" payee="P000006" action="" value="500/1" reconciledate="" price="1/1" id="S0001" memo="Prämie" account="A000004" bankid="" shares="500/1"/>
    <SPLIT number="" reconcileflag="0" payee="P000006" action="" value="-500/1" reconciledate="" price="1/1" id="S0002" memo="Prämie" account="A000051" bankid="" shares="-500/1"/>
   </SPLITS>
  </TRANSACTION>
  <TRANSACTION id="T000000000000000017" entrydate="2023-12-09" commodity="EUR" postdate="2023-06-04" memo="">
   <SPLITS>
    <SPLIT number="" reconcileflag="0" payee="P000007" action="" value="-150/1" reconciledate="" price="1/1" id="S0001" memo="" account="A000004" bankid="" shares="-150/1"/>
    <SPLIT number="" reconcileflag="0" payee="P000007" action="" value="150/1" reconciledate="" price="1/1" id="S0002" memo="" account="A000043" bankid="" shares="150/1"/>
   </SPLITS>
  </TRANSACTION>
  <TRANSACTION id="T000000000000000003" entrydate="2023-10-14" commodity="EUR" postdate="2023-10-14" memo="">
   <SPLITS>
    <SPLIT number="" reconcileflag="0" payee="P000003" action="" value="-150/1" reconciledate="" price="1/1" id="S0001" memo="Bargeldauszahlung" account="A000004" bankid="" shares="-150/1"/>
    <SPLIT number="" reconcileflag="0" payee="P000003" action="" value="150/1" reconciledate="" price="1/1" id="S0002" memo="Bargeldauszahlung" account="A000065" bankid="" shares="150/1"/>
   </SPLITS>
  </TRANSACTION>
  <TRANSACTION id="T000000000000000018" entrydate="2023-12-09" commodity="EUR" postdate="2023-10-14" memo="">
   <SPLITS>
    <SPLIT number="" reconcileflag="0" payee="P000008" action="" value="-95/1" reconciledate="" price="1/1" id="S0001" memo="" account="A000065" bankid="" shares="-95/1"/>
    <SPLIT number="" reconcileflag="0" payee="P000008" action="" value="95/1" reconciledate="" price="1/1" id="S0002" memo="" account="A000066" bankid="" shares="95/1"/>
   </SPLITS>
  </TRANSACTION>
  <TRANSACTION id="T000000000000000004" entrydate="2023-11-03" commodity="EUR" postdate="2023-10-27" memo="">
   <SPLITS>
    <SPLIT number="" reconcileflag="0" payee="" action="" value="-3931/2" reconciledate="" price="1/1" id="S0001" memo="" account="A000004" bankid="" shares="-3931/2"/>
    <SPLIT number="" reconcileflag="0" payee="" action="" value="21/2" reconciledate="" price="1/1" id="S0002" memo="" account="A000020" bankid="" shares="21/2"/>
    <SPLIT number="" reconcileflag="0" payee="" action="Buy" value="1955/1" reconciledate="" price="115/1" id="S0003" memo="" account="A000064" bankid="" shares="17/1"/>
   </SPLITS>
  </TRANSACTION>
  <TRANSACTION id="T000000000000000005" entrydate="2023-11-03" commodity="EUR" postdate="2023-11-03" memo="">
   <SPLITS>
    <SPLIT number="" reconcileflag="0" payee="" action="" value="-1810/1" reconciledate="" price="1/1" id="S0001" memo="" account="A000004" bankid="" shares="-1810/1"/>
    <SPLIT number="" reconcileflag="0" payee="" action="" value="10/1" reconciledate="" price="1/1" id="S0002" memo="" account="A000020" bankid="" shares="10/1"/>
    <SPLIT number="" reconcileflag="0" payee="" action="Buy" value="1800/1" reconciledate="" price="120/1" id="S0003" memo="" account="A000063" bankid="" shares="15/1"/>
   </SPLITS>
  </TRANSACTION>
 </TRANSACTIONS>
 <KEYVALUEPAIRS>
  <PAIR value="EUR" key="kmm-baseCurrency"/>
  <PAIR value="{1f7ec5d2-f982-48eb-9ae3-22095e2362ee}" key="kmm-id"/>
 </KEYVALUEPAIRS>
 <SCHEDULES count="0"/>
 <SECURITIES count="2">
  <SECURITY symbol="SAP" name="SAP AG" trading-market="XETRA" id="E000001" pp="2" trading-currency="EUR" type="0" saf="100" rounding-method="7">
   <KEYVALUEPAIRS>
    <PAIR value="DE0007164600" key="kmm-security-id"/>
   </KEYVALUEPAIRS>
  </SECURITY>
  <SECURITY symbol="MBG" name="Mercedes-Benz Group AG" trading-market="XETRA" id="E000002" pp="2" trading-currency="EUR" type="0" saf="100" rounding-method="7">
   <KEYVALUEPAIRS>
    <PAIR value="DE0007100000" key="kmm-security-id"/>
   </KEYVALUEPAIRS>
  </SECURITY>
 </SECURITIES>
 <CURRENCIES count="2">
  <CURRENCY symbol="€" scf="100" name="Euro" id="EUR" pp="4" type="3" saf="100" rounding-method="7"/>
  <CURRENCY symbol="$" scf="100" name="US Dollar" id="USD" pp="4" type="3" saf="100" rounding-method="7"/>
 </CURRENCIES>
 <PRICES count="3">
  <PRICEPAIR from="E000001" to="EUR">
   <PRICE price="120/1" source="Transaction" date="2023-11-03"/>
   <PRICE price="239/2" source="User" date="2023-11-07"/>
  </PRICEPAIR>
  <PRICEPAIR from="E000002" to="EUR">
   <PRICE price="115/1" source="Transaction" date="2023-10-27"/>
   <PRICE price="233/2" source="User" date="2023-11-01"/>
  </PRICEPAIR>
  <PRICEPAIR from="USD" to="EUR">
   <PRICE price="23/25" source="User" date="2023-12-04"/>
  </PRICEPAIR>
 </PRICES>
 <REPORTS count="0"/>
 <BUDGETS count="0"/>
 <ONLINEJOBS count="0"/>
</KMYMONEY-FILE>
