<?xml version="1.0" encoding="utf-8"?>
<!DOCTYPE KMYMONEY-FILE>
<KMYMONEY-FILE>
 <FILEINFO>
  <CREATION_DATE date="2023-10-14"/>
  <LAST_MODIFIED_DATE date="2023-11-03"/>
  <VERSION id="1"/>
  <FIXVERSION id="5"/>
 </FILEINFO>
 <USER email="" name="John Doe">
  <ADDRESS street="" zipcode="" city="" telephone="" county=""/>
 </USER>
 <INSTITUTIONS count="1">
  <INSTITUTION manager="" name="RaiBa" id="I000001" sortcode="">
   <ADDRESS street="" zip="" city="" telephone=""/>
   <ACCOUNTIDS>
    <ACCOUNTID id="A000004"/>
    <ACCOUNTID id="A000005"/>
    <ACCOUNTID id="A000062"/>
   </ACCOUNTIDS>
   <KEYVALUEPAIRS>
    <PAIR key="bic" value=""/>
    <PAIR key="url" value=""/>
   </KEYVALUEPAIRS>
  </INSTITUTION>
 </INSTITUTIONS>
 <PAYEES count="4">
  <PAYEE reference="" email="" matchingenabled="0" name="Eingang" id="P000001">
   <ADDRESS postcode="" street="" city="" state="" telephone=""/>
  </PAYEE>
  <PAYEE reference="" email="" matchingenabled="0" name="Gehalt" id="P000002">
   <ADDRESS postcode="" street="" city="" state="" telephone=""/>
  </PAYEE>
  <PAYEE reference="" email="" matchingenabled="0" name="Geldautomat" id="P000003">
   <ADDRESS postcode="" street="" city="" state="" telephone=""/>
  </PAYEE>
  <PAYEE reference="" email="" matchingenabled="0" name="Eröffnungssaldo" id="P000004">
   <ADDRESS postcode="" street="" city="" state="" telephone=""/>
  </PAYEE>
 </PAYEES>
 <COSTCENTERS count="0"/>
 <TAGS count="0"/>
 <ACCOUNTS count="67">
  <ACCOUNT opened="" type="9" currency="EUR" lastreconciled="" institution="" lastmodified="" number="" name="Asset" id="AStd::Asset" description="" parentaccount="">
   <SUBACCOUNTS>
    <SUBACCOUNT id="A000002"/>
    <SUBACCOUNT id="A000061"/>
   </SUBACCOUNTS>
  </ACCOUNT>
  <ACCOUNT opened="" type="10" currency="EUR" lastreconciled="" institution="" lastmodified="" number="" name="Liability" id="AStd::Liability" description="" parentaccount="">
   <SUBACCOUNTS>
    <SUBACCOUNT id="A000058"/>
   </SUBACCOUNTS>
  </ACCOUNT>
  <ACCOUNT opened="" type="13" currency="EUR" lastreconciled="" institution="" lastmodified="" number="" name="Expense" id="AStd::Expense" description="" parentaccount="">
   <SUBACCOUNTS>
    <SUBACCOUNT id="A000006"/>
    <SUBACCOUNT id="A000011"/>
    <SUBACCOUNT id="A000012"/>
    <SUBACCOUNT id="A000014"/>
    <SUBACCOUNT id="A000015"/>
    <SUBACCOUNT id="A000016"/>
    <SUBACCOUNT id="A000017"/>
    <SUBACCOUNT id="A000018"/>
    <SUBACCOUNT id="A000019"/>
    <SUBACCOUNT id="A000022"/>
    <SUBACCOUNT id="A000023"/>
    <SUBACCOUNT id="A000030"/>
    <SUBACCOUNT id="A000034"/>
    <SUBACCOUNT id="A000039"/>
    <SUBACCOUNT id="A000042"/>
   </SUBACCOUNTS>
  </ACCOUNT>
  <ACCOUNT opened="" type="12" currency="EUR" lastreconciled="" institution="" lastmodified="" number="" name="Income" id="AStd::Income" description="" parentaccount="">
   <SUBACCOUNTS>
    <SUBACCOUNT id="A000049"/>
    <SUBACCOUNT id="A000052"/>
    <SUBACCOUNT id="A000053"/>
    <SUBACCOUNT id="A000054"/>
   </SUBACCOUNTS>
  </ACCOUNT>
  <ACCOUNT opened="" type="16" currency="EUR" lastreconciled="" institution="" lastmodified="" number="" name="Equity" id="AStd::Equity" description="" parentaccount=""/>
  <ACCOUNT opened="2023-10-14" type="9" currency="EUR" lastreconciled="" institution="" lastmodified="" number="" name="Barvermögen" id="A000002" description="" parentaccount="AStd::Asset">
   <SUBACCOUNTS>
    <SUBACCOUNT id="A000003"/>
    <SUBACCOUNT id="A000004"/>
    <SUBACCOUNT id="A000005"/>
   </SUBACCOUNTS>
  </ACCOUNT>
  <ACCOUNT opened="2023-10-14" type="3" currency="EUR" lastreconciled="" institution="" lastmodified="2023-11-02" number="" name="Bargeld" id="A000003" description="" parentaccount="A000002"/>
  <ACCOUNT opened="2023-01-01" type="1" currency="EUR" lastreconciled="" institution="I000001" lastmodified="2023-11-03" number="" name="Giro RaiBa" id="A000004" description="Girokonto 1" parentaccount="A000002"/>
  <ACCOUNT opened="2023-10-14" type="1" currency="EUR" lastreconciled="" institution="I000001" lastmodified="" number="" name="Spar RaiBa" id="A000005" description="" parentaccount="A000002"/>
  <ACCOUNT opened="1900-01-01" type="13" currency="EUR" lastreconciled="" institution="" lastmodified="" number="" name="Bildung" id="A000006" description="" parentaccount="AStd::Expense">
   <SUBACCOUNTS>
    <SUBACCOUNT id="A000007"/>
    <SUBACCOUNT id="A000008"/>
    <SUBACCOUNT id="A000009"/>
    <SUBACCOUNT id="A000010"/>
   </SUBACCOUNTS>
  </ACCOUNT>
  <ACCOUNT opened="1900-01-01" type="13" currency="EUR" lastreconciled="" institution="" lastmodified="" number="" name="Abonnements" id="A000007" description="" parentaccount="A000006"/>
  <ACCOUNT opened="1900-01-01" type="13" currency="EUR" lastreconciled="" institution="" lastmodified="" number="" name="Bücher" id="A000008" description="" parentaccount="A000006"/>
  <ACCOUNT opened="1900-01-01" type="13" currency="EUR" lastreconciled="" institution="" lastmodified="" number="" name="Büroartikel" id="A000009" description="" parentaccount="A000006"/>
  <ACCOUNT opened="1900-01-01" type="13" currency="EUR" lastreconciled="" institution="" lastmodified="" number="" name="Zeitungen" id="A000010" description="" parentaccount="A000006"/>
  <ACCOUNT opened="1900-01-01" type="13" currency="EUR" lastreconciled="" institution="" lastmodified="" number="" name="Computer" id="A000011" description="" parentaccount="AStd::Expense"/>
  <ACCOUNT opened="1900-01-01" type="13" currency="EUR" lastreconciled="" institution="" lastmodified="" number="" name="Fahrtkosten" id="A000012" description="" parentaccount="AStd::Expense">
   <SUBACCOUNTS>
    <SUBACCOUNT id="A000013"/>
   </SUBACCOUNTS>
  </ACCOUNT>
  <ACCOUNT opened="1900-01-01" type="13" currency="EUR" lastreconciled="" institution="" lastmodified="" number="" name="Fahrkarten" id="A000013" description="" parentaccount="A000012"/>
  <ACCOUNT opened="1900-01-01" type="13" currency="EUR" lastreconciled="" institution="" lastmodified="" number="" name="Geschenke" id="A000014" description="" parentaccount="AStd::Expense"/>
  <ACCOUNT opened="1900-01-01" type="13" currency="EUR" lastreconciled="" institution="" lastmodified="" number="" name="Hobbies" id="A000015" description="" parentaccount="AStd::Expense"/>
  <ACCOUNT opened="1900-01-01" type="13" currency="EUR" lastreconciled="" institution="" lastmodified="" number="" name="Kleidung" id="A000016" description="" parentaccount="AStd::Expense"/>
  <ACCOUNT opened="1900-01-01" type="13" currency="EUR" lastreconciled="" institution="" lastmodified="" number="" name="Lebensmittel" id="A000017" description="" parentaccount="AStd::Expense"/>
  <ACCOUNT opened="1900-01-01" type="13" currency="EUR" lastreconciled="" institution="" lastmodified="" number="" name="Medikamente" id="A000018" description="" parentaccount="AStd::Expense"/>
  <ACCOUNT opened="1900-01-01" type="13" currency="EUR" lastreconciled="" institution="" lastmodified="" number="" name="Sonstiges" id="A000019" description="" parentaccount="AStd::Expense">
   <SUBACCOUNTS>
    <SUBACCOUNT id="A000020"/>
    <SUBACCOUNT id="A000021"/>
   </SUBACCOUNTS>
  </ACCOUNT>
  <ACCOUNT opened="1900-01-01" type="13" currency="EUR" lastreconciled="" institution="" lastmodified="2023-11-03" number="" name="Bankgebühren" id="A000020" description="" parentaccount="A000019"/>
  <ACCOUNT opened="1900-01-01" type="13" currency="EUR" lastreconciled="" institution="" lastmodified="" number="" name="Sonstiges" id="A000021" description="" parentaccount="A000019"/>
  <ACCOUNT opened="1900-01-01" type="13" currency="EUR" lastreconciled="" institution="" lastmodified="" number="" name="Spenden" id="A000022" description="" parentaccount="AStd::Expense"/>
  <ACCOUNT opened="1900-01-01" type="13" currency="EUR" lastreconciled="" institution="" lastmodified="" number="" name="Steuern" id="A000023" description="" parentaccount="AStd::Expense">
   <SUBACCOUNTS>
    <SUBACCOUNT id="A000024"/>
    <SUBACCOUNT id="A000025"/>
    <SUBACCOUNT id="A000026"/>
    <SUBACCOUNT id="A000027"/>
    <SUBACCOUNT id="A000028"/>
    <SUBACCOUNT id="A000029"/>
   </SUBACCOUNTS>
  </ACCOUNT>
  <ACCOUNT opened="1900-01-01" type="13" currency="EUR" lastreconciled="" institution="" lastmodified="" number="" name="Einkommensteuer" id="A000024" description="" parentaccount="A000023"/>
  <ACCOUNT opened="1900-01-01" type="13" currency="EUR" lastreconciled="" institution="" lastmodified="" number="" name="Pflegeversicherung" id="A000025" description="" parentaccount="A000023"/>
  <ACCOUNT opened="1900-01-01" type="13" currency="EUR" lastreconciled="" institution="" lastmodified="" number="" name="Rentenversicherung" id="A000026" description="" parentaccount="A000023"/>
  <ACCOUNT opened="1900-01-01" type="13" currency="EUR" lastreconciled="" institution="" lastmodified="" number="" name="Solidaritätszuschlag" id="A000027" description="" parentaccount="A000023"/>
  <ACCOUNT opened="1900-01-01" type="13" currency="EUR" lastreconciled="" institution="" lastmodified="" number="" name="Sonstige" id="A000028" description="" parentaccount="A000023"/>
  <ACCOUNT opened="1900-01-01" type="13" currency="EUR" lastreconciled="" institution="" lastmodified="" number="" name="Sozialabgaben" id="A000029" description="" parentaccount="A000023"/>
  <ACCOUNT opened="1900-01-01" type="13" currency="EUR" lastreconciled="" institution="" lastmodified="" number="" name="Telekommunikation" id="A000030" description="" parentaccount="AStd::Expense">
   <SUBACCOUNTS>
    <SUBACCOUNT id="A000031"/>
    <SUBACCOUNT id="A000032"/>
    <SUBACCOUNT id="A000033"/>
   </SUBACCOUNTS>
  </ACCOUNT>
  <ACCOUNT opened="1900-01-01" type="13" currency="EUR" lastreconciled="" institution="" lastmodified="" number="" name="Fernsehen" id="A000031" description="" parentaccount="A000030"/>
  <ACCOUNT opened="1900-01-01" type="13" currency="EUR" lastreconciled="" institution="" lastmodified="" number="" name="Online-Dienste" id="A000032" description="" parentaccount="A000030"/>
  <ACCOUNT opened="1900-01-01" type="13" currency="EUR" lastreconciled="" institution="" lastmodified="" number="" name="Telefon" id="A000033" description="" parentaccount="A000030"/>
  <ACCOUNT opened="1900-01-01" type="13" currency="EUR" lastreconciled="" institution="" lastmodified="" number="" name="Unterhaltung" id="A000034" description="" parentaccount="AStd::Expense">
   <SUBACCOUNTS>
    <SUBACCOUNT id="A000035"/>
    <SUBACCOUNT id="A000036"/>
    <SUBACCOUNT id="A000037"/>
    <SUBACCOUNT id="A000038"/>
   </SUBACCOUNTS>
  </ACCOUNT>
  <ACCOUNT opened="1900-01-01" type="13" currency="EUR" lastreconciled="" institution="" lastmodified="" number="" name="Ausgehen" id="A000035" description="" parentaccount="A000034"/>
  <ACCOUNT opened="1900-01-01" type="13" currency="EUR" lastreconciled="" institution="" lastmodified="" number="" name="Musik/Kino" id="A000036" description="" parentaccount="A000034"/>
  <ACCOUNT opened="1900-01-01" type="13" currency="EUR" lastreconciled="" institution="" lastmodified="" number="" name="Reisen" id="A000037" description="" parentaccount="A000034"/>
  <ACCOUNT opened="1900-01-01" type="13" currency="EUR" lastreconciled="" institution="" lastmodified="" number="" name="Sport" id="A000038" description="" parentaccount="A000034"/>
  <ACCOUNT opened="1900-01-01" type="13" currency="EUR" lastreconciled="" institution="" lastmodified="" number="" name="Versicherungen" id="A000039" description="" parentaccount="AStd::Expense">
   <SUBACCOUNTS>
    <SUBACCOUNT id="A000040"/>
    <SUBACCOUNT id="A000041"/>
   </SUBACCOUNTS>
  </ACCOUNT>
  <ACCOUNT opened="1900-01-01" type="13" currency="EUR" lastreconciled="" institution="" lastmodified="" number="" name="Haftpflicht" id="A000040" description="" parentaccount="A000039"/>
  <ACCOUNT opened="1900-01-01" type="13" currency="EUR" lastreconciled="" institution="" lastmodified="" number="" name="Krankenversicherung" id="A000041" description="" parentaccount="A000039"/>
  <ACCOUNT opened="1900-01-01" type="13" currency="EUR" lastreconciled="" institution="" lastmodified="" number="" name="Wohnen" id="A000042" description="" parentaccount="AStd::Expense">
   <SUBACCOUNTS>
    <SUBACCOUNT id="A000043"/>
    <SUBACCOUNT id="A000044"/>
   </SUBACCOUNTS>
  </ACCOUNT>
  <ACCOUNT opened="1900-01-01" type="13" currency="EUR" lastreconciled="" institution="" lastmodified="" number="" name="Miete" id="A000043" description="" parentaccount="A000042"/>
  <ACCOUNT opened="1900-01-01" type="13" currency="EUR" lastreconciled="" institution="" lastmodified="" number="" name="Nebenkosten" id="A000044" description="" parentaccount="A000042">
   <SUBACCOUNTS>
    <SUBACCOUNT id="A000045"/>
    <SUBACCOUNT id="A000046"/>
    <SUBACCOUNT id="A000047"/>
    <SUBACCOUNT id="A000048"/>
   </SUBACCOUNTS>
  </ACCOUNT>
  <ACCOUNT opened="1900-01-01" type="13" currency="EUR" lastreconciled="" institution="" lastmodified="" number="" name="Abfall" id="A000045" description="" parentaccount="A000044"/>
  <ACCOUNT opened="1900-01-01" type="13" currency="EUR" lastreconciled="" institution="" lastmodified="" number="" name="Gas" id="A000046" description="" parentaccount="A000044"/>
  <ACCOUNT opened="1900-01-01" type="13" currency="EUR" lastreconciled="" institution="" lastmodified="" number="" name="Strom" id="A000047" description="" parentaccount="A000044"/>
  <ACCOUNT opened="1900-01-01" type="13" currency="EUR" lastreconciled="" institution="" lastmodified="" number="" name="Wasser" id="A000048" description="" parentaccount="A000044"/>
  <ACCOUNT opened="1900-01-01" type="12" currency="EUR" lastreconciled="" institution="" lastmodified="" number="" name="Gehalt" id="A000049" description="" parentaccount="AStd::Income">
   <SUBACCOUNTS>
    <SUBACCOUNT id="A000050"/>
    <SUBACCOUNT id="A000051"/>
   </SUBACCOUNTS>
  </ACCOUNT>
  <ACCOUNT opened="1900-01-01" type="12" currency="EUR" lastreconciled="" institution="" lastmodified="2023-11-02" number="" name="Gehalt" id="A000050" description="" parentaccount="A000049"/>
  <ACCOUNT opened="1900-01-01" type="12" currency="EUR" lastreconciled="" institution="" lastmodified="" number="" name="Zulagen" id="A000051" description="" parentaccount="A000049"/>
  <ACCOUNT opened="1900-01-01" type="12" currency="EUR" lastreconciled="" institution="" lastmodified="" number="" name="Geschenke" id="A000052" description="" parentaccount="AStd::Income"/>
  <ACCOUNT opened="1900-01-01" type="12" currency="EUR" lastreconciled="" institution="" lastmodified="2023-11-03" number="" name="Sonstiges" id="A000053" description="" parentaccount="AStd::Income"/>
  <ACCOUNT opened="1900-01-01" type="12" currency="EUR" lastreconciled="" institution="" lastmodified="" number="" name="Zinsen" id="A000054" description="" parentaccount="AStd::Income">
   <SUBACCOUNTS>
    <SUBACCOUNT id="A000055"/>
    <SUBACCOUNT id="A000056"/>
    <SUBACCOUNT id="A000057"/>
   </SUBACCOUNTS>
  </ACCOUNT>
  <ACCOUNT opened="1900-01-01" type="12" currency="EUR" lastreconciled="" institution="" lastmodified="" number="" name="Girokonto" id="A000055" description="" parentaccount="A000054"/>
  <ACCOUNT opened="1900-01-01" type="12" currency="EUR" lastreconciled="" institution="" lastmodified="" number="" name="Sonstige" id="A000056" description="" parentaccount="A000054"/>
  <ACCOUNT opened="1900-01-01" type="12" currency="EUR" lastreconciled="" institution="" lastmodified="" number="" name="Sparkonto" id="A000057" description="" parentaccount="A000054"/>
  <ACCOUNT opened="2023-10-14" type="10" currency="EUR" lastreconciled="" institution="" lastmodified="" number="" name="Barverbindlichkeiten" id="A000058" description="" parentaccount="AStd::Liability">
   <SUBACCOUNTS>
    <SUBACCOUNT id="A000059"/>
   </SUBACCOUNTS>
  </ACCOUNT>
  <ACCOUNT opened="2023-10-14" type="4" currency="EUR" lastreconciled="" institution="" lastmodified="" number="" name="Kreditkarte" id="A000059" description="" parentaccount="A000058"/>
  <ACCOUNT opened="2023-01-01" type="9" currency="EUR" lastreconciled="" institution="" lastmodified="" number="" name="Finanzanlagen" id="A000061" description="" parentaccount="AStd::Asset">
   <SUBACCOUNTS>
    <SUBACCOUNT id="A000062"/>
   </SUBACCOUNTS>
   <KEYVALUEPAIRS>
    <PAIR key="iban" value=""/>
   </KEYVALUEPAIRS>
  </ACCOUNT>
  <ACCOUNT opened="2023-01-01" type="7" currency="EUR" lastreconciled="" institution="I000001" lastmodified="" number="" name="Depot RaiBa" id="A000062" description="Aktiendepot 1" parentaccount="A000061">
   <SUBACCOUNTS>
    <SUBACCOUNT id="A000063"/>
    <SUBACCOUNT id="A000064"/>
   </SUBACCOUNTS>
  </ACCOUNT>
  <ACCOUNT opened="2023-11-03" type="15" currency="E000001" lastreconciled="" institution="" lastmodified="2023-11-03" number="" name="DE0007164600 SAP" id="A000063" description="" parentaccount="A000062"/>
  <ACCOUNT opened="2023-10-27" type="15" currency="E000002" lastreconciled="" institution="" lastmodified="2023-11-03" number="" name="DE0007100000 Mercedes-Benz Group AG" id="A000064" description="" parentaccount="A000062"/>
 </ACCOUNTS>
 <TRANSACTIONS count="5">
  <TRANSACTION commodity="EUR" memo="" id="T000000000000000005" entrydate="2023-11-03" postdate="2023-01-01">
   <SPLITS>
    <SPLIT price="1/1" account="A000004" reconcileflag="0" payee="P000004" memo="" number="" id="S0001" shares="10000/1" reconciledate="" value="10000/1" bankid="" action=""/>
    <SPLIT price="1/1" account="A000053" reconcileflag="0" payee="P000004" memo="" number="" id="S0002" shares="-10000/1" reconciledate="" value="-10000/1" bankid="" action=""/>
   </SPLITS>
  </TRANSACTION>
  <TRANSACTION commodity="EUR" memo="" id="T000000000000000001" entrydate="2023-10-14" postdate="2023-01-03">
   <SPLITS>
    <SPLIT price="1/1" account="A000004" reconcileflag="0" payee="P000002" memo="Unfug und Quatsch GmbH Gehalt" number="" id="S0001" shares="1000/1" reconciledate="" value="1000/1" bankid="" action=""/>
    <SPLIT price="1/1" account="A000050" reconcileflag="0" payee="P000002" memo="Unfug und Quatsch GmbH Gehalt" number="" id="S0002" shares="-1000/1" reconciledate="" value="-1000/1" bankid="" action=""/>
   </SPLITS>
  </TRANSACTION>
  <TRANSACTION commodity="EUR" memo="" id="T000000000000000002" entrydate="2023-10-14" postdate="2023-10-14">
   <SPLITS>
    <SPLIT price="1/1" account="A000004" reconcileflag="0" payee="P000003" memo="Bargeldauszahlung" number="" id="S0001" shares="150/1" reconciledate="" value="150/1" bankid="" action=""/>
    <SPLIT price="1/1" account="A000003" reconcileflag="0" payee="P000003" memo="Bargeldauszahlung" number="" id="S0002" shares="-150/1" reconciledate="" value="-150/1" bankid="" action=""/>
   </SPLITS>
  </TRANSACTION>
  <TRANSACTION commodity="EUR" memo="" id="T000000000000000004" entrydate="2023-11-03" postdate="2023-10-27">
   <SPLITS>
    <SPLIT price="1/1" account="A000004" reconcileflag="0" payee="" memo="" number="" id="S0001" shares="-3931/2" reconciledate="" value="-3931/2" bankid="" action=""/>
    <SPLIT price="1/1" account="A000020" reconcileflag="0" payee="" memo="" number="" id="S0002" shares="21/2" reconciledate="" value="21/2" bankid="" action=""/>
    <SPLIT price="115/1" account="A000064" reconcileflag="0" payee="" memo="" number="" id="S0003" shares="17/1" reconciledate="" value="1955/1" bankid="" action="Buy"/>
   </SPLITS>
  </TRANSACTION>
  <TRANSACTION commodity="EUR" memo="" id="T000000000000000003" entrydate="2023-11-03" postdate="2023-11-03">
   <SPLITS>
    <SPLIT price="1/1" account="A000004" reconcileflag="0" payee="" memo="" number="" id="S0001" shares="-1810/1" reconciledate="" value="-1810/1" bankid="" action=""/>
    <SPLIT price="1/1" account="A000020" reconcileflag="0" payee="" memo="" number="" id="S0002" shares="10/1" reconciledate="" value="10/1" bankid="" action=""/>
    <SPLIT price="120/1" account="A000063" reconcileflag="0" payee="" memo="" number="" id="S0003" shares="15/1" reconciledate="" value="1800/1" bankid="" action="Buy"/>
   </SPLITS>
  </TRANSACTION>
 </TRANSACTIONS>
 <KEYVALUEPAIRS>
  <PAIR key="kmm-baseCurrency" value="EUR"/>
  <PAIR key="kmm-id" value="{1f7ec5d2-f982-48eb-9ae3-22095e2362ee}"/>
 </KEYVALUEPAIRS>
 <SCHEDULES count="0"/>
 <SECURITIES count="2">
  <SECURITY type="0" trading-market="XETRA" rounding-method="7" name="SAP AG" symbol="SAP" saf="100" id="E000001" trading-currency="EUR" pp="2">
   <KEYVALUEPAIRS>
    <PAIR key="kmm-security-id" value="DE0007164600"/>
   </KEYVALUEPAIRS>
  </SECURITY>
  <SECURITY type="0" trading-market="XETRA" rounding-method="7" name="Mercedes-Benz Group AG" symbol="MBG" saf="100" id="E000002" trading-currency="EUR" pp="2">
   <KEYVALUEPAIRS>
    <PAIR key="kmm-security-id" value="DE0007100000"/>
   </KEYVALUEPAIRS>
  </SECURITY>
 </SECURITIES>
 <CURRENCIES count="1">
  <CURRENCY type="3" rounding-method="7" name="Euro" symbol="€" saf="100" id="EUR" scf="100" pp="4"/>
 </CURRENCIES>
 <PRICES count="2">
  <PRICEPAIR to="EUR" from="E000001">
   <PRICE source="Transaction" price="120/1" date="2023-11-03"/>
  </PRICEPAIR>
  <PRICEPAIR to="EUR" from="E000002">
   <PRICE source="Transaction" price="115/1" date="2023-10-27"/>
  </PRICEPAIR>
 </PRICES>
 <REPORTS count="0"/>
 <BUDGETS count="0"/>
 <ONLINEJOBS count="0"/>
</KMYMONEY-FILE>
